=LDR  01572cas a22004695i 4500
=001  020009309
=003  Uk
=005  20221231145515.0
=006  m\\\\\|\\d\|\\\\\\
=007  cr\|||||||||||
=008  201112c\\\\9999\\\\\\p\o\\\\\0\\\a0eng\\
=FMT  \\$a  SE
=022  \\$a2364-4974
=037  \\$a???$bSpringer
=082  04$a006.3$223
=245  00$aGranular computing
=264  \1$bSpringer
=336  \\$atext$2rdacontent
=337  \\$acomputer$2rdamedia
=338  \\$aonline resource$2rdacarrier
=540  \\$aCurrent copyright fee: GBP29.95$c22\1$5Uk
=859  \\$aELD$bejournal
=856  \\$31850-9999$uhttp://link.springer.com/$xBLDSS
=852  41$aBritish Library$bHMNTS$jELD Digital store$3Volume 3:Issue 2(2018)-
=945  \\$aGranular Computing
=979  \\$aBritish Library$bDSC$j4211.131000N
=985  \\$aELD accessioning record awaiting upgrade
=CAT  \\$a15190$b40$c20201112$lBLL01$h1520
=CAT  \\$a15190$b40$c20201112$lBLL01$h1526
=CAT  \\$a5552$b40$c20210618$lBLL01$h1148
=CAT  \\$aBLDSS-3PM$b00$c20210623$lBLL01$h1119
=CAT  \\$aBATCH-UPD$b00$c20210623$lBLL01$h1120
=CAT  \\$a5410$b40$c20210706$lBLL01$h1004
=CAT  \\$aBATCH-UPD$b40$c20221121$lBLL01$h1408
=CAT  \\$aIPL-CLA$c20221231$lBLL01$h1455
=CFI  0\$aCurrent copyright fee: GBP29.95$c22\1$e01-jan-2023$fGBP29.95$g0$hP$5Uk
=CFI  2\$aPrevious copyright fee: GBP34.00$c22\1$e18-jun-2021$fGBP34.00$g0$hP$5Uk
=FFP  \\$aY$bBLDSS-3PM
=MNI  \\$a2364-4966
=TOC  \\$aETOC
=UNO  \\$aY
=LAS  \\$aIPL-CLA$b00$c20221231$lBLL01$h1455

