=LDR  01800cas a22005055i 4500
=001  020023672
=003  Uk
=005  20230215113440.0
=006  m\\\\\|\\d\|\\\\\\
=007  cr\|||||||||||
=008  201130c\\\\9999\\\\\\p\o\\\\\0\\\a0eng\\
=FMT  \\$a  SE
=022  \\$a1735-2630
=037  \\$a???$bSpringer
=082  04$a363.7$223
=245  00$aInternational journal of environmental science and technology
=264  \1$bSpringer
=336  \\$atext$2rdacontent
=337  \\$acomputer$2rdamedia
=338  \\$aonline resource$2rdacarrier
=540  \\$aCurrent copyright fee: GBP29.95$c22\1$5Uk
=859  \\$aELD$bejournal
=856  \\$31850-9999$uhttp://link.springer.com/$xBLDSS
=852  41$aBritish Library$bHMNTS$jELD Digital store$3Volume 15:Issue 10(2018)-
=945  \\$aInternational journal of environmental science and technology
=979  \\$aBritish Library$bDSC$j4542.242900N
=985  \\$aELD accessioning record awaiting upgrade
=CAT  \\$a15190$b40$c20201130$lBLL01$h1456
=CAT  \\$a5552$b40$c20210923$lBLL01$h1417
=CAT  \\$aBLDSS-3PM$b00$c20210928$lBLL01$h0705
=CAT  \\$aBATCH-UPD$b00$c20210928$lBLL01$h0705
=CAT  \\$aBATCH-UPD$b00$c20221121$lBLL01$h1408
=CAT  \\$aIPL-CLA$c20221231$lBLL01$h1455
=CAT  \\$a5410$b40$c20230202$lBLL01$h1219
=CAT  \\$a5410$b40$c20230208$lBLL01$h1122
=CAT  \\$a5410$b40$c20230208$lBLL01$h1123
=CAT  \\$a5410$b40$c20230209$lBLL01$h1434
=CAT  \\$a5410$b40$c20230215$lBLL01$h1134
=CFI  0\$aCurrent copyright fee: GBP29.95$c22\1$e01-jan-2023$fGBP29.95$g0$hP$5Uk
=CFI  2\$aPrevious Copyright Fee: GBP34.00$c22\1$e23-sep-2021$fGBP34.00$g0$hP$5Uk
=FFP  \\$aY$bBLDSS-3PM
=MNI  \\$a1735-1472
=TOC  \\$aETOC
=UNO  \\$aY
=LAS  \\$a5410$b40$c20230215$lBLL01$h1134

