=LDR  01605cas a22004575i 4500
=001  020023682
=003  Uk
=005  20221231145515.0
=006  m\\\\\|\\d\|\\\\\\
=007  cr\|||||||||||
=008  201130c\\\\9999\\\\\\p\o\\\\\0\\\a0eng\\
=FMT  \\$a  SE
=022  \\$a2199-9031
=037  \\$a???$bSpringer
=082  04$a338.473621$223
=245  00$aInternational Journal of Health Economics and Management
=264  \1$bSpringer
=336  \\$atext$2rdacontent
=337  \\$acomputer$2rdamedia
=338  \\$aonline resource$2rdacarrier
=540  \\$aCurrent copyright fee: GBP34.95$c22\1$5Uk
=859  \\$aELD$bejournal
=856  \\$31850-9999$uhttp://link.springer.com/$xBLDSS
=852  41$aBritish Library$bHMNTS$jELD Digital store$3Volume 18:Issue 2(2018)-
=945  \\$aInternational Journal of Health Economics and Management
=979  \\$aBritish Library$bDSC$j4542.275650N
=985  \\$aELD accessioning record awaiting upgrade
=CAT  \\$a15190$b40$c20201130$lBLL01$h1518
=CAT  \\$a5552$b40$c20210813$lBLL01$h1159
=CAT  \\$aBLDSS-3PM$b00$c20210817$lBLL01$h0856
=CAT  \\$aBATCH-UPD$b00$c20210817$lBLL01$h0909
=CAT  \\$a5410$b40$c20210826$lBLL01$h1115
=CAT  \\$aBATCH-UPD$b40$c20221121$lBLL01$h1413
=CAT  \\$aIPL-CLA$c20221231$lBLL01$h1455
=CFI  0\$aCurrent copyright fee: GBP34.95$c22\1$e01-jan-2023$fGBP34.95$g0$hP$5Uk
=CFI  2\$aPrevious copyright fee: GBP43.00$c22\1$e13-aug-2021$fGBP43.00$g0$hP$5Uk
=FFP  \\$aY$bBLDSS-3PM
=MNI  \\$a2199-9023
=TOC  \\$aETOC
=UNO  \\$aY
=LAS  \\$aIPL-CLA$b00$c20221231$lBLL01$h1455

