=LDR  01507cas a22004455i 4500
=001  020057866
=003  Uk
=005  20221231145515.0
=006  m\\\\\|\\d\|\\\\\\
=007  cr\|||||||||||
=008  210106c\\\\9999\\\\\\p\o\\\\\0\\\a0eng\\
=FMT  \\$a  SE
=022  \\$a1735-5265
=037  \\$a???$bSpringer
=245  00$aIranian polymer journal
=264  \1$bSpringer
=336  \\$atext$2rdacontent
=337  \\$acomputer$2rdamedia
=338  \\$aonline resource$2rdacarrier
=540  \\$aCurrent copyright fee: GBP29.95$c22\1$5Uk
=859  \\$aELD$bejournal
=856  \\$31850-9999$uhttp://link.springer.com/$xBLDSS
=852  41$aBritish Library$bHMNTS$jELD Digital store$3Volume 27:Issue 1(2018)-
=945  \\$aIranian polymer journal
=979  \\$aBritish Library$bDSC$j4567.529950
=985  \\$aELD accessioning record awaiting upgrade
=CAT  \\$a15190$b40$c20210106$lBLL01$h1256
=CAT  \\$a5552$b40$c20210623$lBLL01$h0924
=CAT  \\$a5552$b40$c20210623$lBLL01$h0925
=CAT  \\$aBLDSS-3PM$b00$c20210708$lBLL01$h0857
=CAT  \\$aBATCH-UPD$b00$c20210708$lBLL01$h0902
=CAT  \\$aBATCH-UPD$b00$c20221121$lBLL01$h1408
=CAT  \\$aIPL-CLA$c20221231$lBLL01$h1455
=CFI  0\$aCurrent copyright fee: GBP29.95$c22\1$e01-jan-2023$fGBP29.95$g0$hP$5Uk
=CFI  2\$aPrevious copyright fee: GBP34.00$c22\1$e23-jun-2021$fGBP34.00$g0$hP$5Uk
=FFP  \\$aY$bBLDSS-3PM
=MNI  \\$a1026-1265
=TOC  \\$aETOC
=UNO  \\$aY
=LAS  \\$aIPL-CLA$b00$c20221231$lBLL01$h1455

