=LDR  01555cas a22004695i 4500
=001  020058435
=003  Uk
=005  20230119143328.0
=006  m\\\\\|\\d\|\\\\\\
=007  cr\|||||||||||
=008  210107c\\\\9999\\\\\\p\o\\\\\0\\\a0eng\\
=FMT  \\$a  SE
=022  \\$a2688-2663
=037  \\$aISSN_26882663_2$bPortico$nWiley
=082  04$a610$223
=245  00$aMedComm
=264  \1$bWiley$c2020
=336  \\$atext$2rdacontent
=337  \\$acomputer$2rdamedia
=338  \\$aonline resource$2rdacarrier
=540  \\$aCurrent Copyright Fee: zero$c35\0$5Uk
=787  0\$tMedComm. Biomaterials and applications$x2769-643X
=787  0\$tMedComm. Oncology$x2769-6448
=859  \\$aELD$bejournal
=856  \\$31850-9999$uhttp://onlinelibrary.wiley.com/$xBLDSS
=852  41$aBritish Library$bHMNTS$jELD Digital store$3Volume 1:Issue 1(2020)-
=945  \\$aMedComm
=979  \\$aBritish Library$bDSC$j5424.687000N
=985  \\$aELD accessioning record awaiting upgrade
=CAT  \\$a14586$b40$c20210107$lBLL01$h1955
=CAT  \\$a5552$b40$c20210113$lBLL01$h0931
=CAT  \\$aBLDSS-3PM$b00$c20210118$lBLL01$h1237
=CAT  \\$aBATCH-UPD$b00$c20210118$lBLL01$h1238
=CAT  \\$a5410$b40$c20210201$lBLL01$h0113
=CAT  \\$a8055$b40$c20220722$lBLL01$h1354
=CAT  \\$a8323$b40$c20230119$lBLL01$h0951
=CAT  \\$a8323$b40$c20230119$lBLL01$h1433
=CFI  0\$aCurrent Copyright Fee: zero$c35\0$e12-jan-2021$fGBP0.00$g0$hP$5Uk
=FFP  \\$aY$bBLDSS-3PM
=TOC  \\$aETOC
=UNO  \\$aY
=LAS  \\$a8323$b40$c20230119$lBLL01$h1433

