=LDR  01367cas a22004095i 4500
=001  020058436
=003  Uk
=005  20210313110919.0
=006  m\\\\\|\\d\|\\\\\\
=007  cr\|||||||||||
=008  210107c\\\\9999\\\\\\p\o\\\\\0\\\a0eng\\
=FMT  \\$a  SE
=022  \\$a2575-5609
=037  \\$aISSN_25755609_2$bPortico$nWiley
=082  04$a616.89$223
=245  00$aPsychiatric Research and Clinical Practice
=264  \1$bWiley
=336  \\$atext$2rdacontent
=337  \\$acomputer$2rdamedia
=338  \\$aonline resource$2rdacarrier
=540  \\$aCurrent Copyright Fee: zero$c35\0$5Uk
=859  \\$aELD$bejournal
=856  \\$31850-9999$uhttp://onlinelibrary.wiley.com/$xBLDSS
=852  41$aBritish Library$bHMNTS$jELD Digital store$3Volume 1:Issue 1(2019)-
=945  \\$aPsychiatric Research and Clinical Practice
=979  \\$aBritish Library$bDSC$j6946.241000N
=985  \\$aELD accessioning record awaiting upgrade
=CAT  \\$a14586$b40$c20210107$lBLL01$h2002
=CAT  \\$a5552$b40$c20210216$lBLL01$h1542
=CAT  \\$aBLDSS-3PM$b00$c20210224$lBLL01$h1135
=CAT  \\$aBATCH-UPD$b00$c20210224$lBLL01$h1136
=CAT  \\$a5410$b40$c20210313$lBLL01$h1109
=CFI  0\$aCurrent copyright fee: zero$c35\0$e15-feb-2021$fGBP0.00$g0$hP$5Uk
=FFP  \\$aY$bBLDSS-3PM
=TOC  \\$aETOC
=UNO  \\$aY
=LAS  \\$a5410$b40$c20210313$lBLL01$h1109

