=LDR  01623cas a22004695i 4500
=001  020079340
=003  Uk
=005  20221231145516.0
=006  m\\\\\|\\d\|\\\\\\
=007  cr\|||||||||||
=008  210126c\\\\9999\\\\\\p\o\\\\\0\\\a0eng\\
=FMT  \\$a  SE
=022  \\$a2367-1734
=037  \\$a???$bSpringer
=082  04$a514$223
=245  00$aJournal of Applied and Computational Topology
=264  \1$bSpringer
=336  \\$atext$2rdacontent
=337  \\$acomputer$2rdamedia
=338  \\$aonline resource$2rdacarrier
=540  \\$aCurrent copyright fee: GBP29.95$c22\1$5Uk
=859  \\$aELD$bejournal
=856  \\$31850-9999$uhttp://link.springer.com/$xBLDSS
=852  41$aBritish Library$bHMNTS$jELD Digital store$3Volume 1:Issue 2(2017)-
=945  \\$aJournal of Applied and Computational Topology
=979  \\$aBritish Library$bDSC$j4939.913000N
=985  \\$aELD accessioning record awaiting upgrade
=CAT  \\$a15190$b40$c20210126$lBLL01$h1505
=CAT  \\$a5552$b40$c20210623$lBLL01$h1037
=CAT  \\$aBLDSS-3PM$b00$c20210708$lBLL01$h0857
=CAT  \\$aBATCH-UPD$b00$c20210708$lBLL01$h0902
=CAT  \\$a5410$b40$c20210717$lBLL01$h2129
=CAT  \\$a5552$b40$c20210810$lBLL01$h1158
=CAT  \\$aBATCH-UPD$b40$c20221121$lBLL01$h1408
=CAT  \\$aIPL-CLA$c20221231$lBLL01$h1455
=CFI  0\$aCurrent copyright fee: GBP29.95$c22\1$e01-jan-2023$fGBP29.95$g0$hP$5Uk
=CFI  2\$aPrevious Copyright Fee: GBP34.00$c22\1$e23-jun-2021$fGBP34.00$g0$hP$5Uk
=FFP  \\$aY$bBLDSS-3PM
=MNI  \\$a2367-1726
=TOC  \\$aETOC
=UNO  \\$aY
=LAS  \\$aIPL-CLA$b00$c20221231$lBLL01$h1455

