=LDR  01303cas a22004097i 4500
=001  020104737
=003  Uk
=005  20210326122733.0
=006  m\\\\\\\\d\|\\\\\\
=007  cr\|||||||||||
=008  191112c\\\\9999\\\\\\\\o\\\\\0\\\a0eng\\
=FMT  \\$a  SE
=022  \\$a2689-5595
=037  \\$aISSN_26895595_2$bPortico$nWiley
=040  \\$aUk$beng$cUk$erda
=082  04$a006.3$223
=245  00$aApplied AI Letters.
=264  \1$bWiley$c2020-
=336  \\$atext$2rdacontent
=337  \\$acomputer$2rdamedia
=338  \\$aonline resource$2rdacarrier
=540  \\$aCurrent Copyright Fee: zero$c35\0$5Uk
=856  \\$31850-9999$uhttp://onlinelibrary.wiley.com/$xBLDSS
=859  \\$aELD$bejournal
=852  41$aBritish Library$bHMNTS$jELD Digital store$3Volume 1:Issue 1(2020)-
=945  \\$aApplied AI Letters
=979  \\$aBritish Library$bDSC$j1571.428000N
=CAT  \\$a5552$b40$c20210210$lBLL01$h0913
=CAT  \\$aBLDSS-3PM$b00$c20210217$lBLL01$h1348
=CAT  \\$aBATCH-UPD$b00$c20210217$lBLL01$h1350
=CAT  \\$a5410$b40$c20210224$lBLL01$h1043
=CAT  \\$a14586$b40$c20210326$lBLL01$h1227
=CFI  0\$aCurrent Copyright Fee: zero$c35\0$e10-feb-2021$fGBP0.00$g0$hP$5Uk
=FFP  \\$aY$bBLDSS-3PM
=TOC  \\$aETOC
=UNO  \\$aY
=LAS  \\$a14586$b40$c20210326$lBLL01$h1227

