=LDR  01688cas a22004935i 4500
=001  020109896
=003  Uk
=005  20221231145516.0
=006  m\\\\\|\\d\|\\\\\\
=007  cr\|||||||||||
=008  210217c\\\\9999\\\\\\p\o\\\\\0\\\a0eng\\
=FMT  \\$a  SE
=022  \\$a1886-7995
=037  \\$a???$bSpringer
=082  04$a551.0946$221
=245  00$aJournal of Iberian geology
=264  \1$bSpringer
=336  \\$atext$2rdacontent
=337  \\$acomputer$2rdamedia
=338  \\$aonline resource$2rdacarrier
=540  \\$aCurrent copyright fee: GBP29.95$c22\1$5Uk
=859  \\$aELD$bejournal
=856  \\$31850-9999$uhttp://link.springer.com/$xBLDSS
=852  41$aBritish Library$bHMNTS$jELD Digital store$3Volume 43:Issue 4(2017)-
=945  \\$aJournal of Iberian geology
=979  \\$aBritish Library$bDSC$j5004.540000
=985  \\$aELD accessioning record awaiting upgrade
=CAT  \\$a15190$b40$c20210217$lBLL01$h1439
=CAT  \\$a5410$b40$c20210223$lBLL01$h0021
=CAT  \\$a5552$b40$c20210223$lBLL01$h0730
=CAT  \\$aBLDSS-3PM$b00$c20210304$lBLL01$h1510
=CAT  \\$aBATCH-UPD$b00$c20210304$lBLL01$h1511
=CAT  \\$a5552$b40$c20210310$lBLL01$h0735
=CAT  \\$a5410$b40$c20210314$lBLL01$h1400
=CAT  \\$aBATCH-UNOA$c20210316$lBLL01$h2107
=CAT  \\$aBATCH-UPD$b00$c20221121$lBLL01$h1408
=CAT  \\$aIPL-CLA$c20221231$lBLL01$h1455
=CFI  0\$aCurrent copyright fee: GBP29.95$c22\1$e01-jan-2023$fGBP29.95$g0$hP$5Uk
=CFI  2\$aPrevious Copyright Fee: GBP34.00$c22\1$e23-feb-2021$fGBP34.00$g0$hP$5Uk
=FFP  \\$aY$bBLDSS-3PM
=MNI  \\$a1698-6180
=TOC  \\$aETOC
=UNO  \\$aY
=LAS  \\$aIPL-CLA$b00$c20221231$lBLL01$h1455

