=LDR  01556cas a22004575i 4500
=001  020115836
=003  Uk
=005  20221231145516.0
=006  m\\\\\|\\d\|\\\\\\
=007  cr\|||||||||||
=008  210225c\\\\9999\\\\\\p\o\\\\\0\\\a0eng\\
=FMT  \\$a  SE
=022  \\$a2468-1350
=037  \\$a???$bSpringer
=082  04$a362.16$223
=245  \0$aTvV Tijdschrift voor Verzorgenden
=264  21$aSpringer
=336  \\$atext$2rdacontent
=337  \\$acomputer$2rdamedia
=338  \\$aonline resource$2rdacarrier
=540  \\$aCurrent copyright fee: GBP34.95$c22\1$5Uk
=859  \\$aELD$bejournal
=856  \\$31850-9999$uhttp://link.springer.com/$xBLDSS
=852  41$aBritish Library$bHMNTS$jELD Digital store$3Volume 49:Issue 11(2017)-
=945  \\$aTvV Tijdschrift voor Verzorgenden
=979  \\$aBritish Library$bDSC$j9076.741500N
=985  \\$aELD accessioning record awaiting upgrade
=CAT  \\$a15005$b40$c20210225$lBLL01$h1319
=CAT  \\$a5552$b40$c20210824$lBLL01$h1444
=CAT  \\$aBLDSS-3PM$b00$c20210903$lBLL01$h0932
=CAT  \\$aBATCH-UPD$b00$c20210903$lBLL01$h0933
=CAT  \\$a5410$b40$c20210908$lBLL01$h0918
=CAT  \\$aBATCH-UPD$b40$c20221121$lBLL01$h1413
=CAT  \\$aIPL-CLA$c20221231$lBLL01$h1455
=CFI  0\$aCurrent copyright fee: GBP34.95$c22\1$e01-jan-2023$fGBP34.95$g0$hP$5Uk
=CFI  2\$aPrevious copyright fee: GBP43.00$c22\1$e24-aug-2021$fGBP43.00$g0$hP$5Uk
=FFP  \\$aY$bBLDSS-3PM
=MNI  \\$a0921-5832
=TOC  \\$aETOC
=UNO  \\$aY
=LAS  \\$aIPL-CLA$b00$c20221231$lBLL01$h1455

