=LDR  01563cas a22004575i 4500
=001  020124948
=003  Uk
=005  20221231145517.0
=006  m\\\\\|\\d\|\\\\\\
=007  cr\|||||||||||
=008  210304c\\\\9999\\\\\\p\o\\\\\0\\\a0eng\\
=FMT  \\$a  SE
=022  \\$a0019-4964
=037  \\$a???$bSpringer
=082  04$a505$221
=245  00$aJournal of the Indian Institute of Science
=264  \1$bSpringer
=336  \\$atext$2rdacontent
=337  \\$acomputer$2rdamedia
=338  \\$aonline resource$2rdacarrier
=540  \\$aCurrent copyright fee: GBP29.95$c22\1$5Uk
=859  \\$aELD$bejournal
=856  \\$31850-9999$uhttp://link.springer.com/$xBLDSS
=852  41$aBritish Library$bHMNTS$jELD Digital store$3Volume 97:Issue 4(2017)-
=945  \\$aJournal- Indian Institute of Science
=979  \\$aBritish Library$bDSC$j4766.000000
=985  \\$aELD accessioning record awaiting upgrade
=CAT  \\$a15190$b40$c20210304$lBLL01$h1614
=CAT  \\$a5552$b40$c20210624$lBLL01$h1108
=CAT  \\$aBLDSS-3PM$b00$c20210708$lBLL01$h0857
=CAT  \\$aBATCH-UPD$b00$c20210708$lBLL01$h0902
=CAT  \\$a5410$b40$c20210714$lBLL01$h1428
=CAT  \\$aBATCH-UPD$b40$c20221121$lBLL01$h1408
=CAT  \\$aIPL-CLA$c20221231$lBLL01$h1455
=CFI  0\$aCurrent copyright fee: GBP29.95$c22\1$e01-jan-2023$fGBP29.95$g0$hP$5Uk
=CFI  2\$aPrevious copyright fee: GBP34.00$c22\1$e24-jun-2021$fGBP34.00$g0$hP$5Uk
=FFP  \\$aY$bBLDSS-3PM
=MNI  \\$a0970-4140
=TOC  \\$aETOC
=UNO  \\$aY
=LAS  \\$aIPL-CLA$b00$c20221231$lBLL01$h1455

