=LDR  02602cas a2200673 i 4500
=001  020152348
=003  Uk
=005  20211201084000.0
=006  m\\\\\\\\d\|\\\\\\
=007  cr\|||||||||||
=008  191112c20219999njuqr\p\o\\\\\0\\\a0eng\\
=FMT  \\$a  SE
=015  \\$aGBC1K2380$2bnb
=022  \\$a2692-9384
=037  \\$aISSN_26929384_2$bPortico$nWiley
=040  \\$aUk$beng$cUk$erda
=042  \\$aukblsr
=082  04$a618.9289$223
=222  \0$aJCPP advances
=245  00$aJCPP advances.
=246  3\$aJournal of child psychology and psychiatry advances
=264  \1$a[Hoboken, New Jersey] :$bJohn Wiley & Sons Ltd on behalf of Association for Child and Adolescent Mental Health,$c2021-
=310  \\$aQuarterly
=336  \\$atext$2rdacontent
=337  \\$acomputer$2rdamedia
=338  \\$aonline resource$2rdacarrier
=362  0\$aVolume 1, issue 1 (January 2021)-
=500  \\$aTitle from PDF header (Wiley Online Library, viewed December 1, 2021).
=588  \\$aLatest issue consulted: volume 1, issue 3 (October 2021) (viewed December 1, 2021).
=540  \\$aCurrent copyright fee: zero$c35\0$5Uk
=650  \0$aChild psychiatry$vPeriodicals.
=650  \0$aChild psychology$vPeriodicals.
=650  \0$aAdolescent psychiatry$vPeriodicals.
=650  \0$aAdolescent psychology$vPeriodicals.
=710  2\$aAssociation for Child and Adolescent Mental Health,$eissuing body.
=787  0\$tJournal of child psychology and psychiatry and allied disciplines (Online)$x1469-7610
=856  4\$31850-9999$uhttp://onlinelibrary.wiley.com/$xBLDSS
=859  \\$aELD$bejournal
=852  41$aBritish Library$bHMNTS$jELD Digital store$3Volume 1:Issue 1(2021)-
=945  \\$aJCPP Advances
=979  \\$aBritish Library$bDSC$j4663.445240N
=985  \\$aWFH record (CS) 2021
=CAT  \\$a5552$b40$c20210406$lBLL01$h1653
=CAT  \\$aBLDSS-3PM$b00$c20210413$lBLL01$h0940
=CAT  \\$aBATCH-UPD$b00$c20210413$lBLL01$h0942
=CAT  \\$a5410$b40$c20210420$lBLL01$h1014
=CAT  \\$a5410$b40$c20210423$lBLL01$h1353
=CAT  \\$a5410$b40$c20210423$lBLL01$h1356
=CAT  \\$a14412$b40$c20211110$lBLL01$h1404
=CAT  \\$a8124$b40$c20211201$lBLL01$h0840
=CFI  0\$aCurrent copyright fee: zero$c35\0$e06-apr-2021$fGBP0.00$g0$hP$5Uk
=FFP  \\$aY$bBLDSS-3PM
=FIN  \\$aY$d20211201
=LET  \0$aJCPP advances (Electronic)
=LKR  \\$aPAR$b012433724$lBLL01$r787$mJCPP advances$nJournal of child psychology and psychiatry and allied disciplines
=MNI  \\$a2692-9384
=TOC  \\$aETOC
=UNO  \\$aY
=LAS  \\$a8124$b40$c20211201$lBLL01$h0840

