=LDR  01543cas a22004455i 4500
=001  020155487
=003  Uk
=005  20221231145518.0
=006  m\\\\\|\\d\|\\\\\\
=007  cr\|||||||||||
=008  210413c\\\\9999\\\\\\p\o\\\\\0\\\a0eng\\
=FMT  \\$a  SE
=022  \\$a2281-7875
=037  \\$a???$bSpringer
=245  00$aSeMA Journal: Bulletin of the Spanish Society of Applied Mathematics
=264  \1$bSpringer
=336  \\$atext$2rdacontent
=337  \\$acomputer$2rdamedia
=338  \\$aonline resource$2rdacarrier
=540  \\$aCurrent copyright fee: GBP29.95$c22\1$5Uk
=859  \\$aELD$bejournal
=856  \\$31850-9999$uhttp://link.springer.com/$xBLDSS
=852  41$aBritish Library$bHMNTS$jELD Digital store$3Volume 75:Issue 3(2018)-
=945  \\$aSema journal
=979  \\$aBritish Library$bDSC$j8237.357500N
=985  \\$aELD accessioning record awaiting upgrade
=CAT  \\$a15190$b40$c20210413$lBLL01$h1612
=CAT  \\$a15190$b40$c20210413$lBLL01$h1613
=CAT  \\$a5552$b40$c20210630$lBLL01$h0845
=CAT  \\$aBLDSS-3PM$b00$c20210708$lBLL01$h0857
=CAT  \\$aBATCH-UPD$b00$c20210708$lBLL01$h0902
=CAT  \\$aBATCH-UPD$b00$c20221121$lBLL01$h1408
=CAT  \\$aIPL-CLA$c20221231$lBLL01$h1455
=CFI  0\$aCurrent copyright fee: GBP29.95$c22\1$e01-jan-2023$fGBP29.95$g0$hP$5Uk
=CFI  2\$aPrevious copyright fee: GBP34.00$c22\1$e30-jun-2021$fGBP34.00$g0$hP$5Uk
=FFP  \\$aY$bBLDSS-3PM
=MNI  \\$a2254-3902
=TOC  \\$aETOC
=UNO  \\$aY
=LAS  \\$aIPL-CLA$b00$c20221231$lBLL01$h1455

