=LDR  02422cas a22006137a 4500
=001  018434069
=003  Uk
=005  20221231145430.0
=006  m\\\\\\\\d\|||||||
=007  cr\|||||||||||
=008  170721c\\\\9999\\\\\\\\\\\\\\0\\\a0eng\\
=FMT  \\$a  SE
=022  \\$a0974-0198
=037  \\$a???$bSpringer
=040  \\$aUk$beng$cUk
=082  04$a658$221
=245  00$aGlobal journal of flexible systems management.
=264  \1$aNew Delhi :$bGlobal Institute of Flexible Systems Management
=336  \\$atext$2rdacontent
=337  \\$acomputer$2rdamedia
=338  \\$aonline resource$2rdacarrier
=540  \\$aCurrent copyright fee: GBP29.95$c22\1$5Uk
=859  \\$aELD$bejournal
=856  \\$31850-9999$uhttp://link.springer.com/$xBLDSS
=852  41$aBritish Library$bHMNTS$jELD Digital store$3Volume 19:Issue 1(2018)-
=945  \\$aGlobal journal of flexible systems management.
=959  \\$fHeld but not currently received
=979  \\$aBritish Library$bDSC$j4195.447375N
=985  \\$a3rd party access title for Remote supply please retain as base record when merging/deleting
=CAT  \\$a5552$b40$c20170721$lBLL01$h0855
=CAT  \\$aBLDSS-3PM$b00$c20170724$lBLL01$h1530
=CAT  \\$aBATCH-UPD$b00$c20170724$lBLL01$h1539
=CAT  \\$aBATCH-UPD$b00$c20170726$lBLL01$h0029
=CAT  \\$aBATCH-UPD$b00$c20170904$lBLL01$h1846
=CAT  \\$aIPL-CLA$c20170929$lBLL01$h1815
=CAT  \\$aBATCH-UPD$b00$c20180223$lBLL01$h1707
=CAT  \\$aIPL-CLA$c20180331$lBLL01$h1722
=CAT  \\$aBATCH-UPD$b00$c20180524$lBLL01$h1709
=CAT  \\$aIPL-CLA$c20180630$lBLL01$h1946
=CAT  \\$a5410$b40$c20191106$lBLL01$h0857
=CAT  \\$a5410$b40$c20191106$lBLL01$h0900
=CAT  \\$a15190$b40$c20201112$lBLL01$h1210
=CAT  \\$aBATCH-UPD$b40$c20221121$lBLL01$h1407
=CAT  \\$aIPL-CLA$c20221231$lBLL01$h1454
=CFI  0\$aCurrent copyright fee: GBP29.95$c22\1$e01-jan-2023$fGBP29.95$g0$hP$5Uk
=CFI  2\$aPrevious copyright fee: GBP34.00$c22\1$e01-jul-2018$fGBP34.00$g0$hP$5Uk
=FFP  \\$aY$bBLDSS-3PM
=MNI  \\$a0972-2696
=TOC  \\$aETOC
=UNO  \\$aY
=ACF  \\$aPrevious copyright fee: GBP31.96$c22\1$e21-jul-2017$fGBP31.96$g0$hP$5Uk
=ACF  \\$aPrevious copyright fee: GBP30.73$c22\1$e01-oct-2017$fGBP30.73$g0$hP$5Uk
=ACF  \\$aPrevious copyright fee: GBP28.54$c22\1$e01-apr-2018$fGBP28.54$g0$hP$5Uk
=LAS  \\$aIPL-CLA$b00$c20221231$lBLL01$h1454

