=LDR  02456cas a22006377a 4500
=001  018454004
=003  Uk
=005  20221231145431.0
=006  m\\\\\\\\d\|||||||
=007  cr\|||||||||||
=008  170803c\\\\9999\\\\\\\\\\\\\\0\\\a0eng\\
=FMT  \\$a  SE
=022  \\$a2365-7499
=037  \\$a???$bSpringer
=040  \\$aUk$beng$cUk
=245  00$aActa geochimica.
=264  \1$aHeidelberg :$bSpringer,$c2016
=336  \\$atext$2rdacontent
=337  \\$acomputer$2rdamedia
=338  \\$aonline resource$2rdacarrier
=540  \\$aCurrent copyright fee: GBP29.95$c22\1$5Uk
=859  \\$aELD$bejournal
=856  \\$31850-9999$uhttp://link.springer.com/$xBLDSS
=852  41$aBritish Library$bHMNTS$jELD Digital store$3Volume 37:Issue 4(2018)-
=945  \\$aActa geochimica.
=979  \\$aBritish Library$bDSC$j0618.315000N
=985  \\$a3rd party access title for Remote supply please retain as base record when merging/deleting
=CAT  \\$a5552$b40$c20170803$lBLL01$h0834
=CAT  \\$a5552$b40$c20170803$lBLL01$h0838
=CAT  \\$aBATCH-UPD$b40$c20170809$lBLL01$h0102
=CAT  \\$a5552$b40$c20170810$lBLL01$h0849
=CAT  \\$aBLDSS-3PM$b00$c20170810$lBLL01$h1806
=CAT  \\$aBATCH-UPD$b00$c20170810$lBLL01$h1808
=CAT  \\$a5552$b40$c20170811$lBLL01$h0826
=CAT  \\$aBATCH-UPD$b40$c20170816$lBLL01$h0129
=CAT  \\$aBATCH-UPD$b40$c20170904$lBLL01$h1846
=CAT  \\$aIPL-CLA$c20170929$lBLL01$h1815
=CAT  \\$aBATCH-UPD$b00$c20180223$lBLL01$h1707
=CAT  \\$aIPL-CLA$c20180331$lBLL01$h1722
=CAT  \\$aBATCH-UPD$b00$c20180524$lBLL01$h1709
=CAT  \\$aIPL-CLA$c20180630$lBLL01$h1946
=CAT  \\$a5410$b40$c20190926$lBLL01$h1507
=CAT  \\$a5410$b40$c20190926$lBLL01$h1510
=CAT  \\$a15190$b40$c20200911$lBLL01$h1539
=CAT  \\$aBATCH-UPD$b40$c20221121$lBLL01$h1407
=CAT  \\$aIPL-CLA$c20221231$lBLL01$h1454
=CFI  0\$aCurrent copyright fee: GBP29.95$c22\1$e01-jan-2023$fGBP29.95$g0$hP$5Uk
=CFI  2\$aPrevious copyright fee: GBP34.00$c22\1$e01-jul-2018$fGBP34.00$g0$hP$5Uk
=FFP  \\$aY$bBLDSS-3PM
=MNI  \\$a2096-0956
=TOC  \\$aETOC
=UNO  \\$aY
=ACF  \\$aPrevious copyright fee: GBP31.96$c22\1$e03-aug-2017$fGBP31.96$g0$hP$5Uk
=ACF  \\$aPrevious copyright fee: GBP30.73$c22\1$e01-oct-2017$fGBP30.73$g0$hP$5Uk
=ACF  \\$aPrevious copyright fee: GBP28.54$c22\1$e01-apr-2018$fGBP28.54$g0$hP$5Uk
=LAS  \\$aIPL-CLA$b00$c20221231$lBLL01$h1454

