=LDR  01741cas a22004935i 4500
=001  018607112
=003  Uk
=005  20191231204456.0
=006  m\\\\\|\\d\|\\\\\\
=007  cr\|||||||||||
=008  171113c\\\\9999\\\\\\p\o\\\\\0\\\a0eng\\
=FMT  \\$a  SE
=022  \\$a2572-2611
=037  \\$aISSN_25722611$bPortico$nWiley
=082  04$a577$221
=245  00$aPlants, People, Planet
=264  \1$bWiley
=336  \\$atext$2rdacontent
=337  \\$acomputer$2rdamedia
=338  \\$aonline resource$2rdacarrier
=540  \\$aCurrent Copyright Fee: zero$c35\0$5Uk
=859  \\$aELD$bejournal
=856  \\$31850-9999$uhttp://onlinelibrary.wiley.com/$xBLDSS
=852  41$aBritish Library$bHMNTS$jELD Digital store$3Volume 1:Issue 1(2019)-
=945  \\$aPlants People Planet
=979  \\$aBritish Library$bDSC$j6528.042500N
=985  \\$aELD accessioning record awaiting upgrade
=985  \\$aQuerying ISSN Key Title with U.S. Center (Richard (Leeds), 29/11/18)
=CAT  \\$a11450$b40$c20171113$lBLL01$h1340
=CAT  \\$aW1711-1005$c20171206$lBLL01$h1830
=CAT  \\$a10983$b40$c20180219$lBLL01$h1327
=CAT  \\$a10806$b40$c20181129$lBLL01$h0855
=CAT  \\$a5552$b40$c20190621$lBLL01$h1130
=CAT  \\$aBLDSS-3PM$b00$c20190626$lBLL01$h0856
=CAT  \\$aBATCH-UPD$b00$c20190626$lBLL01$h0856
=CAT  \\$a5410$b40$c20190802$lBLL01$h1152
=CAT  \\$aR1911-0245$c20191127$lBLL01$h1037
=CAT  \\$aIPL-CLA$c20191231$lBLL01$h2044
=CFI  0\$aCurrent Copyright Fee: zero$c35\0$e01-jan-2020$fGBP0.00$g0$hP$5Uk
=CFI  2\$aPrevious copyright fee: GBP28.00$c35\0$e21-jun-2019$fGBP28.00$g0$hP$5Uk
=FFP  \\$aY$bBLDSS-3PM
=TOC  \\$aETOC
=UNO  \\$aY
=LAS  \\$aIPL-CLA$b00$c20191231$lBLL01$h2044

