=LDR  02817cas a2200733 i 4500
=001  019200265
=003  Uk
=005  20211231154748.0
=006  m\\\\\\\\d\|||||||
=007  cr\|||||||||||
=008  190107c20189999enk\x\p\\\\\\\0\\\a0eng\\
=FMT  \\$a  SE
=015  \\$aGBC0F0082$2bnb
=022  0\$a2589-9147
=037  \\$aISSN_25899147$bPortico$nElsevier
=040  \\$aUk$beng$cUk$erda
=042  \\$aukblsr
=082  04$a361.6105$223
=222  \0$aWater research. X
=245  00$aWater research.$pX.
=264  \1$a[Amsterdam] :$bElsevier B.V.,$c2018-
=300  \\$billustrations (colour)
=336  \\$atext$2rdacontent
=337  \\$acomputer$2rdamedia
=338  \\$aonline resource$2rdacarrier
=362  0\$aVolume 1 (December 2018)-
=500  \\$aArticles added, as accepted, to current volume.
=500  \\$aTitle from PDF header (ScienceDirect, viewed October 1, 2020).
=580  \\$aCompanion journal to: Water research.
=588  \\$aLatest issue consulted: volume 8 (August 2020) (viewed October 1, 2020).
=540  \\$aCurrent copyright fee: GBP34.30$c5\1$5Uk
=650  \0$aWater supply$vPeriodicals.
=650  \0$aWater-supply engineering$vPeriodicals.
=650  \0$aWater$xPollution$xResearch$vPeriodicals.
=690  7\$aSocial Welfare$2blcoll
=787  18$tWater research$x1879-2448
=856  4\$31850-9999$uhttp://www.sciencedirect.com/$xBLDSS
=859  \\$aELD$bejournal
=852  41$aBritish Library$bHMNTS$jELD Digital store$3Number 1(2018)-
=945  \\$aWater research X.
=979  \\$aBritish Library$bDSC$j9273.556000N
=985  \\$a3rd party access title for Remote supply please retain as base record when merging/deleting
=985  \\$aWFH record (CS) 2020
=CAT  \\$a5552$b40$c20190107$lBLL01$h1118
=CAT  \\$aBLDSS-3PM$b00$c20190115$lBLL01$h1425
=CAT  \\$aBATCH-UPD$b00$c20190115$lBLL01$h1437
=CAT  \\$aBATCH-UPD$b00$c20190521$lBLL01$h1447
=CAT  \\$aIPL-CLA$c20190630$lBLL01$h1550
=CAT  \\$a15190$b40$c20200130$lBLL01$h1304
=CAT  \\$a8311$b40$c20200218$lBLL01$h1333
=CAT  \\$a8124$b40$c20201001$lBLL01$h1107
=CAT  \\$aBATCH-SWP$c20201009$lBLL01$h2240
=CAT  \\$aBATCH-UPD$b00$c20211119$lBLL01$h1604
=CAT  \\$aIPL-CLA$c20211231$lBLL01$h1547
=CFI  0\$aCurrent copyright fee: GBP34.30$c5\1$e01-jan-2022$fGBP34.30$g0$hP$5Uk
=CFI  2\$aPrevious copyright fee: GBP32.84$c5\1$e01-jul-2019$fGBP32.84$g0$hP$5Uk
=FFP  \\$aY$bBLDSS-3PM
=FIN  \\$aY$d20201001
=LET  \0$aWater research. X (Electronic)
=LKR  \\$aPAR$b012435271$lBLL01$r78718$mWater research. X (Online)$nWater research (Online)
=MNI  \\$a2589-9147
=TOC  \\$aETOC
=ACF  \\$aPrevious copyright fee: GBP23.40$c5\1$e07-jan-2019$fGBP23.40$g0$hP$5Uk
=LAS  \\$aIPL-CLA$b00$c20211231$lBLL01$h1547

