=LDR  01708cas a22004577a 4500
=001  019362568
=003  Uk
=005  20230215133705.0
=006  m\\\\\\\\d\|||||||
=007  cr\|||||||||||
=008  190409c\\\\9999\\\\\\\\\\\\\\0\\\a0eng\\
=FMT  \\$a  SE
=022  \\$a2590-1184
=037  \\$aISSN_25901184$bPortico$nElsevier
=040  \\$aUk$beng$cUk
=245  00$aJournal of computer languages.
=264  \1$aOxford :$bElsevier Ltd.$c2019-
=336  \\$atext$2rdacontent
=337  \\$acomputer$2rdamedia
=338  \\$aonline resource$2rdacarrier
=540  \\$aCurrent copyright fee: GBP34.30$c5\1$5Uk
=856  \\$31850-9999$uhttp://www.sciencedirect.com/$xBLDSS
=859  \\$aELD$bejournal
=852  41$aBritish Library$bSTI$jELD Digital store
=945  \\$aJournal of computer languages.
=979  \\$aBritish Library$bDSC$j4963.731000N
=985  \\$a3rd party access title for Remote supply please retain as base record when merging/deleting
=CAT  \\$a5552$b40$c20190409$lBLL01$h1558
=CAT  \\$aBLDSS-3PM$b00$c20190418$lBLL01$h0834
=CAT  \\$aBATCH-UPD$b00$c20190418$lBLL01$h0836
=CAT  \\$aBATCH-UPD$b00$c20190521$lBLL01$h1447
=CAT  \\$aIPL-CLA$c20190630$lBLL01$h1550
=CAT  \\$aBATCH-UPD$b00$c20211119$lBLL01$h1604
=CAT  \\$aIPL-CLA$c20211231$lBLL01$h1547
=CAT  \\$a15731$b40$c20230215$lBLL01$h1337
=CFI  0\$aCurrent copyright fee: GBP34.30$c5\1$e01-jan-2022$fGBP34.30$g0$hP$5Uk
=CFI  2\$aPrevious copyright fee: GBP32.84$c5\1$e01-jul-2019$fGBP32.84$g0$hP$5Uk
=FFP  \\$aY$bBLDSS-3PM
=TOC  \\$aETOC
=ACF  \\$aPrevious copyright fee: GBP23.40$c5\1$e09-apr-2019$fGBP23.40$g0$hP$5Uk
=LAS  \\$a15731$b40$c20230215$lBLL01$h1337

