=LDR  02219cas a22005895i 4500
=001  019407410
=003  Uk
=005  20230511141009.0
=006  m\\\\\|\\d\|\\\\\\
=007  cr\|||||||||||
=008  190517c\\\\9999\\\\\\p\o\\\\\0\\\a0eng\\
=FMT  \\$a  SE
=022  \\$a2641-2071
=037  \\$aISSN_00947679_21$bPortico$nTaylor & Francis
=082  04$a070.4$223
=245  00$aJournalism history
=264  \1$bTaylor & Francis
=336  \\$atext$2rdacontent
=337  \\$acomputer$2rdamedia
=338  \\$aonline resource$2rdacarrier
=540  \\$aCurrent copyright fee: GBP37.00$c2\0$5Uk
=859  \\$aELD$bejournal
=856  \\$31850-9999$uhttp://www.tandfonline.com/$xBLDSS
=852  41$aBritish Library$bHMNTS$jELD Digital store$3Volume 41:Issue 4(2016)-
=959  \\$fHeld but not currently received
=979  \\$aBritish Library$bDSC$j5072.830000
=985  \\$aELD accessioning record awaiting upgrade
=CAT  \\$a14586$b40$c20190517$lBLL01$h1619
=CAT  \\$a12654$b40$c20190718$lBLL01$h1411
=CAT  \\$aBLDSS-3PM$b00$c20190725$lBLL01$h1607
=CAT  \\$aBATCH-UPD$b00$c20190725$lBLL01$h1607
=CAT  \\$aBATCH-UPD$b00$c20191122$lBLL01$h1903
=CAT  \\$aIPL-CLA$c20191231$lBLL01$h2046
=CAT  \\$a5410$b40$c20200831$lBLL01$h0045
=CAT  \\$a5410$b40$c20200831$lBLL01$h0049
=CAT  \\$a5410$b40$c20200902$lBLL01$h1311
=CAT  \\$a5410$b40$c20200907$lBLL01$h0922
=CAT  \\$a14586$b40$c20200924$lBLL01$h1659
=CAT  \\$a15020$b40$c20200930$lBLL01$h0802
=CAT  \\$aBATCH-UPD$b40$c20201118$lBLL01$h1337
=CAT  \\$aIPL-CLA$c20201231$lBLL01$h1534
=CAT  \\$aBATCH-UPD$b00$c20221121$lBLL01$h1350
=CAT  \\$aIPL-CLA$c20221231$lBLL01$h1455
=CAT  \\$a12654$b40$c20230511$lBLL01$h1410
=CFI  0\$aCurrent copyright fee: GBP37.00$c2\0$e01-jan-2023$fGBP37.00$g0$hP$5Uk
=CFI  2\$aPrevious copyright fee: GBP35.00$c2\0$e01-jan-2021$fGBP35.00$g0$hP$5Uk
=FFP  \\$aY$bBLDSS-3PM
=MNI  \\$a0094-7679
=TOC  \\$aETOC
=ACF  \\$aPrevious copyright fee: GBP32.00$c2\0$e18-jul-2019$fGBP32.00$g0$hP$5Uk
=ACF  \\$aPrevious copyright fee: GBP34.00$c2\0$e01-jan-2020$fGBP34.00$g0$hP$5Uk
=LAS  \\$a12654$b40$c20230511$lBLL01$h1410

