=LDR  01550cas a22004337a 4500
=001  019442796
=003  Uk
=005  20191231204633.0
=006  m\\\\\\\\d\|||||||
=007  cr\|||||||||||
=008  190621c\\\\9999\\\\\\\\\\\\\\0\\\a0eng\\
=FMT  \\$a  SE
=022  \\$a2573-9832
=037  \\$aISSN_25739832$bPortico$nWiley
=040  \\$aUk$beng$cUk
=245  00$aFASEB bioAdvances.
=264  \1$aHoboken, NJ :$bJohn Wiley & Sons, Inc.,$c2018-
=336  \\$atext$2rdacontent
=337  \\$acomputer$2rdamedia
=338  \\$aonline resource$2rdacarrier
=540  \\$aCurrent Copyright Fee: zero$c35\0$5Uk
=856  \\$31850-9999$uhttp://onlinelibrary.wiley.com/$xBLDSS
=859  \\$aELD$bejournal
=852  41$aBritish Library$bHMNTS$jELD Digital store$3Volume 1:Issue 1(2019)-
=945  \\$aFASEB bioAdvances.
=979  \\$aBritish Library$bDSC$j3896.579500N
=985  \\$a3rd party access title for Remote supply please retain as base record when merging/deleting
=CAT  \\$a5552$b40$c20190621$lBLL01$h0929
=CAT  \\$aBLDSS-3PM$b00$c20190626$lBLL01$h0856
=CAT  \\$aBATCH-UPD$b00$c20190626$lBLL01$h0858
=CAT  \\$a14412$b40$c20190724$lBLL01$h1140
=CAT  \\$aR1911-0245$c20191127$lBLL01$h1037
=CAT  \\$aIPL-CLA$c20191231$lBLL01$h2046
=CFI  0\$aCurrent Copyright Fee: zero$c35\0$e01-jan-2020$fGBP0.00$g0$hP$5Uk
=CFI  2\$aPrevious copyright fee: GBP28.00$c35\0$e21-jun-2019$fGBP28.00$g0$hP$5Uk
=FFP  \\$aY$bBLDSS-3PM
=TOC  \\$aETOC
=UNO  \\$aY
=LAS  \\$aIPL-CLA$b00$c20191231$lBLL01$h2046

