=LDR  02833cas a2200733 i 4500
=001  019620988
=003  Uk
=005  20201105115939.0
=006  m\\\\\|\\d\|\\\\\\
=007  cr\|||||||||||
=008  191122c19499999xxubr\p\o\\\\\0\\\a0eng\\
=FMT  \\$a  SE
=015  \\$aGBC0H4925$2bnb
=022  \\$a1435-0645
=037  \\$aISSN_00021962_2$bPortico$nWiley
=040  \\$aUk$beng$cUk$erda
=042  \\$aukblsr
=082  04$a630$223
=210  0\$aAgron.j.$b(Internet)
=222  \0$aAgronomy journal$b(Internet)
=245  00$aAgronomy Journal.
=264  \1$aGeneva, N.Y. :$bAmerican Society of Agronomy
=264  21$aNew York :$bSpringer
=264  31$a[United States] :$bWiley LLC on behalf of American Society of Agronomy
=300  \\$billustrations (black and white, and colour)
=310  \\$aBimonthly,$b1961-
=321  \\$aMonthly,$b1949-1960
=336  \\$atext$2rdacontent
=337  \\$acomputer$2rdamedia
=338  \\$aonline resource$2rdacarrier
=362  1\$aPrint began with volume 41, number 1 (January 1949).
=580  \\$aIncludes issues of earlier title: Journal of the American Society of Agronomy.
=588  \\$aDescription based on print version record.
=588  \\$aLatest issue consulted: volume 112, number 5 (September/October 2020) (Wiley Online, viewed November 5, 2020).
=540  \\$aCurrent Copyright Fee: GBP32.00$c35\0$5Uk
=650  \0$aAgronomy$vPeriodicals.
=710  2\$aAmerican Society of Agronomy.
=776  08$iAlso issued in print -2012 as:$tAgronomy journal$x0002-1962
=780  10$tJournal of the American Society of Agronomy
=856  40$31850-9999$uhttp://onlinelibrary.wiley.com/$xBLDSS
=859  \\$aELD$bejournal
=852  41$aBritish Library$bHMNTS$jELD Digital store$3Volume 105:Number 1(2013)-
=945  \\$aAgronomy Journal.
=979  \\$aBritish Library$cDSC$j0771.200000
=985  \\$aELD accessioning record awaiting upgrade
=CAT  \\$a15001$b40$c20191122$lBLL01$h1402
=CAT  \\$a5552$b40$c20191204$lBLL01$h1151
=CAT  \\$a12654$b40$c20191205$lBLL01$h0827
=CAT  \\$aIPL-CLA$c20191231$lBLL01$h2046
=CAT  \\$aBLDSS-3PM$b00$c20200108$lBLL01$h0849
=CAT  \\$aBATCH-UPD$b00$c20200108$lBLL01$h0849
=CAT  \\$a14586$b40$c20200220$lBLL01$h1731
=CAT  \\$a10983$b40$c20200319$lBLL01$h1018
=CAT  \\$a8483$b40$c20201105$lBLL01$h1159
=CFI  0\$aCurrent Copyright Fee: GBP32.00$c35\0$e01-jan-2020$fGBP32.00$g0$hP$5Uk
=CFI  2\$aPrevious Copyright Fee: GBP1.60$c0$e05-dec-2019$fGBP1.60$g0$hC$5Uk
=FFP  \\$aY$bBLDSS-3PM
=FIN  \\$aY$d20201105
=LET  \0$aAgronomy journal (Electronic)
=LKR  \\$aPAR$b009825218$lBLL01$r776$mAgronomy journal (Internet)$nAgronomy journal (Print)
=MNI  \\$a0002-1962
=TOC  \\$aETOC
=UNO  \\$aY
=LAS  \\$a8483$b40$c20201105$lBLL01$h1159

