=LDR  02970cas a2200733 i 4500
=001  019679484
=003  Uk
=005  20211231154752.0
=006  m\\\\\|\\d\|\\\\\\
=007  cr\|||||||||||
=008  200120c19879999xxumn\p\o\\\\\0\\\a0eng\\
=FMT  \\$a  SE
=015  \\$aGBC100345$2bnb
=022  \\$a1530-6860
=037  \\$aISSN_08926638_2$bPortico$nWiley
=040  \\$aUk$beng$cUk$erda
=042  \\$aukblsr
=082  04$a570$223
=222  \4$aThe FASEB journal$b(Online)
=245  04$aThe FASEB journal.
=246  3\$aFederation of American Societies for Experimental Biology journal
=264  \1$a[Bethesda, Md.] :$bFederation of American Societies for Experimental Biology
=264  31$aHoboken, NJ :$bPublished on behalf of the Federation of American Societies for Experimental Biology by Wiley Periodicals Inc.
=300  \\$billustrations (black and white, and colour)
=310  \\$aFourteen no. a year,$b2005-
=321  \\$aFrequency varies,$b1987-2004
=336  \\$atext$2rdacontent
=337  \\$acomputer$2rdamedia
=338  \\$aonline resource$2rdacarrier
=362  1\$aPrint began with volume 1, number 1 (July 1987).
=588  \\$aDescription based on print version record.
=588  \\$aLatest issue consulted: volume 35, number 1 (January 2021) (Wiley Online, viewed January 5, 2021).
=540  \\$aCurrent copyright fee: GBP39.00$c35\0$5Uk
=650  \0$aBiology$vPeriodicals.
=650  \0$aBiology, Experimental$vPeriodicals.
=710  2\$aFederation of American Societies for Experimental Biology.
=776  08$iAlso issued in print as:$tFASEB journal$x0892-6638
=856  40$31850-9999$uhttp://onlinelibrary.wiley.com/$xBLDSS
=859  \\$aELD$bejournal
=852  41$aBritish Library$bHMNTS$jELD Digital store$3Volume 27:Issue 1(2013)-
=945  \\$aThe Faseb journal.
=979  \\$aThe British Library$bDSC$j3896.579700
=CAT  \\$a15001$b40$c20200120$lBLL01$h1049
=CAT  \\$a10983$b40$c20200710$lBLL01$h1035
=CAT  \\$a12654$b40$c20200713$lBLL01$h0836
=CAT  \\$a12654$b40$c20200713$lBLL01$h0839
=CAT  \\$a14586$b40$c20200713$lBLL01$h1253
=CAT  \\$aBATCH-UNOA$c20200714$lBLL01$h2130
=CAT  \\$aBLDSS-3PM$b00$c20200721$lBLL01$h1036
=CAT  \\$aBATCH-UPD$b00$c20200721$lBLL01$h1036
=CAT  \\$a8483$b40$c20210105$lBLL01$h1027
=CAT  \\$a8483$b40$c20210105$lBLL01$h1028
=CAT  \\$a8483$b40$c20210105$lBLL01$h1030
=CAT  \\$aW2111-0842$c20211208$lBLL01$h1943
=CAT  \\$aIPL-CLA$c20211231$lBLL01$h1547
=CFI  0\$aCurrent copyright fee: GBP39.00$c35\0$e01-jan-2022$fGBP39.00$g0$hP$5Uk
=CFI  2\$aPrevious copyright fee: GBP32.00$c35\0$e13-jul-2020$fGBP32.00$g0$hP$5Uk
=FFP  \\$aY$bBLDSS-3PM
=FIN  \\$aY$d20210105
=LET  \4$aThe FASEB journal (Electronic)
=LKR  \\$aPAR$b007536240$lBLL01$r776$mThe FASEB journal (Online)$nThe FASEB journal
=MNI  \\$a0892-6638
=UNO  \\$aY
=LAS  \\$aIPL-CLA$b00$c20211231$lBLL01$h1547

