=LDR  01383cas a22003975i 4500
=001  019684706
=003  Uk
=005  20210728145128.0
=006  m\\\\\|\\d\|\\\\\\
=007  cr\|||||||||||
=008  200123c\\\\9999\\\\\\p\o\\\\\0\\\a0eng\\
=FMT  \\$a  SE
=022  \\$a1944-8783
=037  \\$aISSN_10648208_17$bPortico$nInstitute of Physics Publishing
=245  00$aElectrochemical Society Interface
=264  \1$bInstitute of Physics Publishing
=336  \\$atext$2rdacontent
=337  \\$acomputer$2rdamedia
=338  \\$aonline resource$2rdacarrier
=540  \\$aCurrent copyright fee: GBP30.00$c46\0$5Uk
=859  \\$aELD$bejournal
=856  \\$31850-9999$uhttp://www.electrochem.org/$xBLDSS
=852  41$aBritish Library$bHMNTS$jELD Digital store$3Volume 15:Number 2(2006)-
=945  \\$aInterface -Pennington-.
=979  \\$aBritish Library$bDSC$j4533.447500
=985  \\$aELD accessioning record awaiting upgrade
=CAT  \\$a14586$b40$c20200123$lBLL01$h1122
=CAT  \\$a8055$b40$c20210720$lBLL01$h1225
=CAT  \\$aBATCH-UNOA$c20210721$lBLL01$h0017
=CAT  \\$aBLDSS-3PM$b00$c20210728$lBLL01$h1451
=CAT  \\$aBATCH-UPD$b00$c20210728$lBLL01$h1451
=CFI  0\$aCurrent copyright fee: GBP30.00$c46\0$e20-jul-2021$fGBP30.00$g0$hP$5Uk
=FFP  \\$aY$bBLDSS-3PM
=MNI  \\$a1064-8208
=UNO  \\$aY
=LAS  \\$aBATCH-UPD$b00$c20210728$lBLL01$h1451

