=LDR  02290cas a2200589 i 4500
=001  019720156
=003  Uk
=005  20210729164337.0
=006  m\\\\\|\\d\|\\\\\\
=007  cr\|||||||||||
=008  200219c20199999enk\x\p\o\\\\\0\\\a0eng\\
=FMT  \\$a  SE
=015  \\$aGBC0D6997$2bnb
=022  \\$a2666-142X
=037  \\$aISSN_2666142X_8$bPortico$nElsevier
=040  \\$aUk$beng$cUk$erda
=042  \\$aukblsr
=082  04$a610.7305$223
=222  \0$aInternational journal of nursing studies advances
=245  00$aInternational journal of nursing studies advances.
=264  \1$a[Oxford] :$bElsevier,$c2019-
=300  \\$billustrations (colour)
=336  \\$atext$2rdacontent
=337  \\$acomputer$2rdamedia
=338  \\$aonline resource$2rdacarrier
=362  0\$aVolume 1 (2019)-
=500  \\$aTitle from PDF header (ScienceDirect, viewed September 9, 2020).
=515  \\$aArticles added, as accepted, to current volume.
=588  \\$aLatest issue consulted: volume 2 (November 2020) (viewed September 9, 2020).
=540  \\$aCurrent copyright fee: zero$c5\1$5Uk
=650  \0$aNursing$vPeriodicals.
=650  \0$aMidwfery$vPeriodicals.
=787  0\$tInternational journal of nursing studies (Online)$x1873-491X
=856  4\$31850-9999$uhttp://www.sciencedirect.com/$xBLDSS
=859  \\$aELD$bejournal
=852  41$aBritish Library$bHMNTS$jELD Digital store$3Volume 1(2019)-
=945  \\$aInternational Journal of Nursing Studies Advances
=979  \\$aBritish Library$bDSC$j4542.407100N
=985  \\$aCatalogued via VPN, September 2020
=CAT  \\$a15005$b40$c20200219$lBLL01$h1146
=CAT  \\$a12654$b40$c20200708$lBLL01$h0951
=CAT  \\$aBLDSS-3PM$b00$c20200717$lBLL01$h1045
=CAT  \\$aBATCH-UPD$b00$c20200717$lBLL01$h1046
=CAT  \\$a8124$b40$c20200909$lBLL01$h1516
=CAT  \\$a14586$b40$c20210729$lBLL01$h1643
=CFI  0\$aCurrent copyright fee: zero$c5\1$e08-jul-2020$fGBP0.00$g0$hP$5Uk
=FFP  \\$aY$bBLDSS-3PM
=FIN  \\$aY$d20200909
=LET  \0$aInternational journal of nursing studies advances (Electronic)
=LKR  \\$aPAR$b012433504$lBLL01$nInternational journal of nursing studies$mInternational journal of nursing studies advances$r787
=MNI  \\$a2666-142X
=LAS  \\$a14586$b40$c20210729$lBLL01$h1643

