=LDR  02489cas a22006135i 4500
=001  019797141
=003  Uk
=005  20220930143038.0
=006  m\\\\\|\\d\|\\\\\\
=007  cr\|||||||||||
=008  200527c\\\\9999\\\\\\p\o\\\\\0\\\a0eng\\
=FMT  \\$a  SE
=022  \\$a2336-8268
=037  \\$a???$bSage (UK) Ltd
=082  04$a327$223
=245  00$aNew Perspectives
=264  \1$bSage
=336  \\$atext$2rdacontent
=337  \\$acomputer$2rdamedia
=338  \\$aonline resource$2rdacarrier
=540  \\$aCurrent copyright fee: GBP32.82$c19\0$5Uk
=859  \\$aELD$bejournal
=856  \\$31850-9999$uhttp://www.uk.sagepub.com/home.nav$xBLDSS
=852  41$aBritish Library$bHMNTS$jELD Digital store$3Volume 23:Issue 1(2015)-
=945  \\$aNew Perspectives -London- Sage-
=979  \\$aBritish Library$bDSC$j6084.920045N
=985  \\$aELD accessioning record awaiting upgrade
=985  \\$aISSN UK note: this title has moved to SAGE - ISSN transfer from Czech ISSN Centre pending (Richard, 09/11/20) (Will be asking Czech Centre to close Print ISSN 2336-825X - didn't move to SAGE as print, just online).
=CAT  \\$a10983$b40$c20200527$lBLL01$h0902
=CAT  \\$a10806$b40$c20201109$lBLL01$h1258
=CAT  \\$a10806$b40$c20201126$lBLL01$h1238
=CAT  \\$a5552$b40$c20201210$lBLL01$h1404
=CAT  \\$aBLDSS-3PM$b00$c20201230$lBLL01$h1355
=CAT  \\$aBLDSS-3PM$b00$c20201230$lBLL01$h1409
=CAT  \\$aBATCH-UPD$b00$c20201230$lBLL01$h1429
=CAT  \\$a5410$b40$c20210201$lBLL01$h1634
=CAT  \\$aBATCH-UPD$b40$c20210226$lBLL01$h1029
=CAT  \\$aIPL-CLA$c20210331$lBLL01$h1704
=CAT  \\$aBATCH-UPD$b00$c20210707$lBLL01$h1553
=CAT  \\$aIPL-CLA$c20210707$lBLL01$h1845
=CAT  \\$aBATCH-UPD$b00$c20220520$lBLL01$h1640
=CAT  \\$aIPL-CLA$c20220630$lBLL01$h1541
=CAT  \\$aBATCH-UPD$b00$c20220824$lBLL01$h0906
=CAT  \\$aIPL-CLA$c20220930$lBLL01$h1430
=CFI  0\$aCurrent copyright fee: GBP32.82$c19\0$e01-oct-2022$fGBP32.82$g0$hP$5Uk
=CFI  2\$aPrevious copyright fee: GBP31.50$c19\0$e01-jul-2022$fGBP31.50$g0$hP$5Uk
=FFP  \\$aY$bBLDSS-3PM
=MNI  \\$a2336-825X
=TOC  \\$aETOC
=UNO  \\$aY
=ACF  \\$aPrevious copyright fee: GBP31.50$c19\0$e10-dec-2020$fGBP31.50$g0$hP$5Uk
=ACF  \\$aPrevious copyright fee: GBP29.17$c19\0$e01-apr-2021$fGBP29.17$g0$hP$5Uk
=ACF  \\$aPrevious copyright fee: GBP28.13$c19\0$e07-jul-2021$fGBP28.13$g0$hP$5Uk
=LAS  \\$aIPL-CLA$b00$c20220930$lBLL01$h1430

