=LDR  01661cas a22004577i 4500
=001  019833532
=003  Uk
=005  20220316110605.0
=006  m\\\\\\\\d\|\\\\\\
=007  cr\|||||||||||
=008  191112c20209999enkuu\p\o\\\\\0\\\a0eng\\
=FMT  \\$a  SE
=022  \\$a2666-2817
=037  \\$aISSN_26662817_8$bPortico$nElsevier
=040  \\$aUk$beng$cUk$erda
=222  \0$aForensic science international. Digital investigation$b(Online)
=245  00$aForensic science international.$pDigital investigation.
=264  \1$aAmsterdam$bElsevier$c[2020]
=336  \\$atext$2rdacontent
=337  \\$acomputer$2rdamedia
=338  \\$aonline resource$2rdacarrier
=540  \\$aCurrent copyright fee: zero$c5\1$5Uk
=780  00$tDigital investigation$x1873-202X
=856  \\$31850-9999$uhttp://www.sciencedirect.com/$xBLDSS
=859  \\$aELD$bejournal
=852  41$aBritish Library$bHMNTS$jELD Digital store$3Volume 32(2020)-
=945  \\$aForensic Science International -Digital Investigation
=979  \\$aBritish Library$bDSC$j3987.764500N
=CAT  \\$a12654$b40$c20200707$lBLL01$h1221
=CAT  \\$a12654$b40$c20200715$lBLL01$h1136
=CAT  \\$aBLDSS-3PM$b00$c20200717$lBLL01$h1045
=CAT  \\$aBATCH-UPD$b00$c20200717$lBLL01$h1048
=CAT  \\$a14586$b40$c20220307$lBLL01$h1719
=CAT  \\$a10806$b40$c20220309$lBLL01$h1412
=CAT  \\$a10806$b40$c20220309$lBLL01$h1413
=CAT  \\$a5410$b40$c20220316$lBLL01$h1105
=CAT  \\$a5410$b40$c20220316$lBLL01$h1106
=CFI  0\$aCurrent copyright fee: zero$c5\1$e07-jul-2020$fGBP0.00$g0$hP$5Uk
=FFP  \\$aY$bBLDSS-3PM
=TOC  \\$aETOC
=LAS  \\$a5410$b40$c20220316$lBLL01$h1106

