=LDR  02061cas a2200577 i 4500
=001  019833875
=003  Uk
=005  20220304125205.0
=006  m\\\\\\\\d\|\\\\\\
=007  cr\|||||||||||
=008  191112c20209999enkuu\p\o\\\\\0\\\a0eng\\
=FMT  \\$a  SE
=022  \\$a2666-3740
=037  \\$aISSN_26663740_8$bPortico$nElsevier
=040  \\$aUk$beng$cUk$erda
=042  \\$aukblsr
=082  04$a370$223
=222  \0$aInternational journal of educational research open
=245  00$aInternational journal of educational research open.
=246  13$aIJEDRO
=264  \1$a[Oxford] :$bElsevier Ltd.,$c2020-
=336  \\$atext$2rdacontent
=337  \\$acomputer$2rdamedia
=338  \\$aonline resource$2rdacarrier
=362  0\$aVolume 1 (2020)-
=500  \\$aTitle from journal homepage (ScienceDirect, viewed March 4, 2022).
=515  \\$aArticles added, as accepted, to current annual volume.
=540  \\$aCurrent copyright fee: zero$c5\1$5Uk
=650  \0$aEducation$vPeriodicals.
=787  0\$tInternational journal of educational research (Online)$x1873-538X
=856  40$31850-9999$uhttp://www.sciencedirect.com/$xBLDSS
=859  \\$aELD$bejournal
=852  41$aBritish Library$bHMNTS$jELD Digital store
=945  \\$aInternational Journal of Educational Research Open
=979  \\$aBritish Library$bDSC$j4542.199850N
=CAT  \\$a12654$b40$c20200708$lBLL01$h0944
=CAT  \\$aBLDSS-3PM$b00$c20200717$lBLL01$h1045
=CAT  \\$aBATCH-UPD$b00$c20200717$lBLL01$h1048
=CAT  \\$a5410$b40$c20200723$lBLL01$h1159
=CAT  \\$a5410$b40$c20200723$lBLL01$h1937
=CAT  \\$a5410$b40$c20200811$lBLL01$h0012
=CAT  \\$a5552$b40$c20210429$lBLL01$h1231
=CAT  \\$a14412$b40$c20210510$lBLL01$h1424
=CAT  \\$a10806$b40$c20220304$lBLL01$h1251
=CAT  \\$a10806$b40$c20220304$lBLL01$h1252
=CFI  0\$aCurrent copyright fee: zero$c5\1$e08-jul-2020$fGBP0.00$g0$hP$5Uk
=FFP  \\$aY$bBLDSS-3PM
=FIN  \\$aY$d20220304
=MNI  \\$a2666-3740
=TOC  \\$aETOC
=LAS  \\$a10806$b40$c20220304$lBLL01$h1252

