=LDR  02437cas a2200637 i 4500
=001  019836752
=003  Uk
=005  20210907115632.0
=006  m\\\\\\\\d\|\\\\\\
=007  cr\|||||||||||
=008  191112c20209999enk\x\p\o\\\\\0\\\a0eng\\
=FMT  \\$a  SE
=015  \\$aGBC1E7744$2bnb
=022  \\$a2666-6596
=037  \\$aISSN_26666596_8$bPortico$nElsevier
=040  \\$aUk$beng$cUk$erda
=042  \\$aukblsr
=082  04$a601$223
=222  \0$aJournal of responsible technology
=245  00$aJournal of responsible technology.
=264  \1$a[Oxford] :$bElsevier Ltd on behalf of ORBIT,$c[2020]-
=300  \\$billustrations (black and white, and colour)
=310  \\$aContinuously updated
=336  \\$atext$2rdacontent
=337  \\$acomputer$2rdamedia
=338  \\$aonline resource$2rdacarrier
=362  0\$aVolume 1 (October 2020)-
=500  \\$aTitle from PDF article (ScienceDirect website, viewed September 7, 2021).
=588  \\$aLatest issue consulted: volume 6 (22 August 2021), viewed September 7, 2021.
=540  \\$aCurrent copyright fee: zero$c5\1$5Uk
=650  \0$aInformation technology$xResearch$vPeriodicals.
=650  \0$aTechnology$xMoral and ethical aspects$vPeriodicals
=710  2\$aORBIT (Organisation),$eissuing body.
=780  00$tORBIT journal (Leicester, England)$x2515-8562
=859  \\$aELD$bejournal
=856  \\$31850-9999$uhttp://www.sciencedirect.com/$xBLDSS
=852  41$aBritish Library$bHMNTS$jELD Digital store
=945  \\$aJournal of Responsible Technology
=979  \\$aBritish Library$bDSC$j5052.038450N
=CAT  \\$a12654$b40$c20200708$lBLL01$h1105
=CAT  \\$aBLDSS-3PM$b00$c20200717$lBLL01$h1045
=CAT  \\$aBATCH-UPD$b00$c20200717$lBLL01$h1048
=CAT  \\$a5410$b40$c20200724$lBLL01$h0002
=CAT  \\$a5410$b40$c20200811$lBLL01$h1040
=CAT  \\$a14412$b40$c20210510$lBLL01$h1525
=CAT  \\$a14412$b40$c20210510$lBLL01$h1526
=CAT  \\$a8483$b40$c20210907$lBLL01$h1056
=CAT  \\$a8483$b40$c20210907$lBLL01$h1057
=CAT  \\$a8483$b40$c20210907$lBLL01$h1156
=CFI  0\$aCurrent copyright fee: zero$c5\1$e08-jul-2020$fGBP0.00$g0$hP$5Uk
=FFP  \\$aY$bBLDSS-3PM
=FIN  \\$aY$d20210907
=LET  \0$aJournal of Responsible Technology (Electronic)
=LKR  \\$aPAR$b018559458$lBLL01$r78000$mJournal of responsible technology$nORBIT journal (Leicester)
=TOC  \\$aETOC
=LAS  \\$a8483$b40$c20210907$lBLL01$h1156

