=LDR  01291cas a22003857i 4500
=001  019836762
=003  Uk
=005  20230216135615.0
=006  m\\\\\\\\d\|\\\\\\
=007  cr\|||||||||||
=008  191112c\\\\9999\\\\\\\\o\\\\\0\\\a0eng\\
=FMT  \\$a  SE
=022  \\$a2055-6640
=037  \\$aISSN_20556640_8$bPortico$nElsevier
=040  \\$aUk$beng$cUk$erda
=245  00$aJournal of Virus Eradication
=264  \1$aAmsterdam$bElsevier$c[2020]
=336  \\$atext$2rdacontent
=337  \\$acomputer$2rdamedia
=338  \\$aonline resource$2rdacarrier
=540  \\$aCurrent copyright fee: zero$c5\1$5Uk
=856  \\$31850-9999$uhttp://www.sciencedirect.com/$xBLDSS
=859  \\$aELD$bejournal
=852  41$aBritish Library$bSTI$jELD Digital store$3Vol. 5, Issue 1(2019)-
=945  \\$aJournal of Virus Eradication
=979  \\$aBritish Library$bDSC$j5072.490400N
=CAT  \\$a12654$b40$c20200708$lBLL01$h1117
=CAT  \\$aBLDSS-3PM$b00$c20200717$lBLL01$h1045
=CAT  \\$aBATCH-UPD$b00$c20200717$lBLL01$h1048
=CAT  \\$a15731$b40$c20230207$lBLL01$h1403
=CAT  \\$a14586$b40$c20230216$lBLL01$h1356
=CFI  0\$aCurrent copyright fee: zero$c5\1$e08-jul-2020$fGBP0.00$g0$hP$5Uk
=FFP  \\$aY$bBLDSS-3PM
=TOC  \\$aETOC
=LAS  \\$a14586$b40$c20230216$lBLL01$h1356

