=LDR  01750cas a22004935i 4500
=001  019860268
=003  Uk
=005  20221231145512.0
=006  m\\\\\|\\d\|\\\\\\
=007  cr\|||||||||||
=008  200729c\\\\9999\\\\\\p\o\\\\\0\\\a0eng\\
=FMT  \\$a  SE
=022  \\$a2643-895X
=037  \\$aISSN_26438941_21$bPortico$nTaylor & Francis
=082  04$a791.430944$223
=245  00$aFrench Screen Studies
=264  \1$bTalyor & Francis
=336  \\$atext$2rdacontent
=337  \\$acomputer$2rdamedia
=338  \\$aonline resource$2rdacarrier
=540  \\$aCurrent copyright fee: GBP37.00$c2\0$5Uk
=859  \\$aELD$bejournal
=856  \\$31850-9999$uhttp://www.tandfonline.com/$xBLDSS
=852  41$aBritish Library$bHMNTS$jELD Digital store$3Volume 20:Issue 1(2020)-
=945  \\$aFrench Screen Studies
=979  \\$aBritish Library$bDSC$j4034.515000N
=985  \\$aELD accessioning record awaiting upgrade
=CAT  \\$a14586$b40$c20200729$lBLL01$h1337
=CAT  \\$a15020$b40$c20200921$lBLL01$h1342
=CAT  \\$a15020$b40$c20201008$lBLL01$h1147
=CAT  \\$a15020$b40$c20201008$lBLL01$h1157
=CAT  \\$a14586$b40$c20201102$lBLL01$h1053
=CAT  \\$a5552$b40$c20210928$lBLL01$h0918
=CAT  \\$aBLDSS-3PM$b00$c20211006$lBLL01$h0845
=CAT  \\$aBATCH-UPD$b00$c20211006$lBLL01$h0845
=CAT  \\$a5410$b40$c20211016$lBLL01$h1830
=CAT  \\$aBATCH-UPD$b40$c20221121$lBLL01$h1350
=CAT  \\$aIPL-CLA$c20221231$lBLL01$h1455
=CFI  0\$aCurrent copyright fee: GBP37.00$c2\0$e01-jan-2023$fGBP37.00$g0$hP$5Uk
=CFI  2\$aPrevious copyright fee: GBP35.00$c2\0$e28-sep-2021$fGBP35.00$g0$hP$5Uk
=FFP  \\$aY$bBLDSS-3PM
=MNI  \\$a2643-8941
=TOC  \\$aETOC
=LAS  \\$aIPL-CLA$b00$c20221231$lBLL01$h1455

