=LDR  01835cas a22005057i 4500
=001  019865059
=003  Uk
=005  20221231145513.0
=006  m\\\\\\\\d\|\\\\\\
=007  cr\|||||||||||
=008  191112c\\\\9999\\\\\\\\o\\\\\0\\\a0eng\\
=FMT  \\$a  SE
=022  \\$a1876-6242
=037  \\$a???$bSpringer
=040  \\$aUk$beng$cUk$erda
=245  00$aNederlands tijdschrift voor diabetologie.
=260  \\$aHedel :$bPronounce,$c2003-.
=264  31$a[Switzerland?] :$bSpringerNature Switzerland AG
=336  \\$atext$2rdacontent
=337  \\$acomputer$2rdamedia
=338  \\$aonline resource$2rdacarrier
=540  \\$aCurrent copyright fee: GBP34.95$c22\1$5Uk
=859  \\$aELD$bejournal
=856  \\$31850-9999$uhttp://link.springer.com/$xBLDSS
=852  41$aBritish Library$bHMNTS$jELD Digital store$3Volume 15:Issue 4(2017)-
=945  \\$aNederlands tijdschrift voor diabetologie
=979  \\$aBritish Library$bDSC$j6071.435000
=CAT  \\$a5552$b40$c20200804$lBLL01$h1324
=CAT  \\$aBATCH-UNOA$c20200804$lBLL01$h2120
=CAT  \\$a11315$b40$c20200805$lBLL01$h1529
=CAT  \\$aBLDSS-3PM$b00$c20200811$lBLL01$h1141
=CAT  \\$aBATCH-UPD$b00$c20200811$lBLL01$h1142
=CAT  \\$a15190$b40$c20210319$lBLL01$h1507
=CAT  \\$a5552$b40$c20210823$lBLL01$h1441
=CAT  \\$aIPL-CLA$c20210930$lBLL01$h1529
=CAT  \\$aBATCH-UPD$b00$c20221121$lBLL01$h1413
=CAT  \\$aIPL-CLA$c20221231$lBLL01$h1455
=CFI  0\$aCurrent copyright fee: GBP34.95$c22\1$e01-jan-2023$fGBP34.95$g0$hP$5Uk
=CFI  2\$aPrevious copyright fee: GBP43.00$c22\1$e01-oct-2021$fGBP43.00$g0$hP$5Uk
=FFP  \\$aY$bBLDSS-3PM
=MNI  \\$a1567-2743
=TOC  \\$aETOC
=UNO  \\$aY
=ACF  \\$aPrevious Copyright Fee: GBP34.00$c22\1$e04-aug-2020$fGBP34.00$g0$hP$5Uk
=LAS  \\$aIPL-CLA$b00$c20221231$lBLL01$h1455

