=LDR  01695cas a22004695i 4500
=001  019951981
=003  Uk
=005  20221231145514.0
=006  m\\\\\|\\d\|\\\\\\
=007  cr\|||||||||||
=008  200924c\\\\9999\\\\\\p\o\\\\\0\\\a0eng\\
=FMT  \\$a  SE
=022  \\$a2689-5277
=037  \\$aISSN_26895269_21$bPortico$nTaylor & Francis
=082  04$a362.10867$223
=245  00$aInternational journal of transgender health
=264  \1$bTaylor & Francis
=336  \\$atext$2rdacontent
=337  \\$acomputer$2rdamedia
=338  \\$aonline resource$2rdacarrier
=540  \\$aCurrent copyright fee: GBP43.00$c2\0$5Uk
=859  \\$aELD$bejournal
=856  \\$31850-9999$uhttp://www.tandfonline.com/$xBLDSS
=852  41$aBritish Library$bHMNTS$jELD Digital store$3Volume 21:Issue 1(2020)-
=945  \\$aInternational journal of transgender health
=979  \\$aBritish Library$bDSC$j4542.695890N
=985  \\$aELD accessioning record awaiting upgrade
=CAT  \\$a14412$b40$c20200924$lBLL01$h1115
=CAT  \\$a14412$b40$c20200924$lBLL01$h1116
=CAT  \\$a14412$b40$c20201015$lBLL01$h0952
=CAT  \\$a5552$b40$c20210929$lBLL01$h1213
=CAT  \\$aBLDSS-3PM$b00$c20211006$lBLL01$h0845
=CAT  \\$aBATCH-UPD$b00$c20211006$lBLL01$h0845
=CAT  \\$a5410$b40$c20211016$lBLL01$h1843
=CAT  \\$aBATCH-UPD$b40$c20221121$lBLL01$h1341
=CAT  \\$aIPL-CLA$c20221231$lBLL01$h1455
=CFI  0\$aCurrent copyright fee: GBP43.00$c2\0$e01-jan-2023$fGBP43.00$g0$hP$5Uk
=CFI  2\$aPrevious copyright fee: GBP41.00$c2\0$e29-sep-2021$fGBP41.00$g0$hP$5Uk
=FFP  \\$aY$bBLDSS-3PM
=MNI  \\$a2689-5269
=TOC  \\$aETOC
=LAS  \\$aIPL-CLA$b00$c20221231$lBLL01$h1455

