=LDR  01820cas a22004935i 4500
=001  019966956
=003  Uk
=005  20230518122713.0
=006  m\\\\\|\\d\|\\\\\\
=007  cr\|||||||||||
=008  201002c\\\\9999\\\\\\p\o\\\\\0\\\a0eng\\
=FMT  \\$a  SE
=022  \\$a2573-1513
=037  \\$aISSN_18170641_2$bPortico$nWiley
=082  04$a635.9$223
=245  00$aInternational Turfgrass Society Research Journal
=264  \1$bWiley
=336  \\$atext$2rdacontent
=337  \\$acomputer$2rdamedia
=338  \\$aonline resource$2rdacarrier
=540  \\$aCurrent copyright fee: GBP32.00$c35\0$5Uk
=859  \\$aELD$bejournal
=856  \\$31850-9999$uhttp://onlinelibrary.wiley.com/$xBLDSS
=852  41$aBritish Library$bHMNTS$jELD Digital store$3Volume 13:Issue 1(2017)-***Previous issues available in print copy
=945  \\$aInternational Turfgrass Society Research Journal
=979  \\$aBritish Library$bDSC$j4551.319900
=985  \\$aELD accessioning record awaiting upgrade
=CAT  \\$a15020$b40$c20201002$lBLL01$h1135
=CAT  \\$a5552$b40$c20210504$lBLL01$h0921
=CAT  \\$aBLDSS-3PM$b00$c20210511$lBLL01$h1402
=CAT  \\$aBATCH-UPD$b00$c20210511$lBLL01$h1402
=CAT  \\$a5410$b40$c20210518$lBLL01$h1455
=CAT  \\$a5410$b40$c20210526$lBLL01$h1107
=CAT  \\$a12654$b40$c20211022$lBLL01$h1147
=CAT  \\$aIPL-CLA$c20211231$lBLL01$h1547
=CAT  \\$a12654$b40$c20230518$lBLL01$h1227
=CFI  0\$aCurrent copyright fee: GBP32.00$c35\0$e18-may-2023$fGBP32.00$g0$hP$5Uk
=CFI  2\$aPrevious copyright fee: zero$c35\0$e01-jan-2022$fGBP0.00$g0$hP$5Uk
=CFI  2\$aPrevious copyright fee: GBP32.00$c35\0$e04-may-2021$fGBP32.00$g0$hP$5Uk
=FFP  \\$aY$bBLDSS-3PM
=MNI  \\$a1817-0641
=TOC  \\$aETOC
=UNO  \\$aY
=LAS  \\$a12654$b40$c20230518$lBLL01$h1227

