=LDR  01723cas a22004815i 4500
=001  019969444
=003  Uk
=005  20221231145514.0
=006  m\\\\\|\\d\|\\\\\\
=007  cr\|||||||||||
=008  201006c\\\\9999\\\\\\p\o\\\\\0\\\a0eng\\
=FMT  \\$a  SE
=022  \\$a2689-2626
=037  \\$aISSN_26892618_21$bPortico$nTaylor & Francis
=082  04$a305.260973$223
=245  00$aJournal of aging and environment
=264  \1$bTaylor & Francis
=336  \\$atext$2rdacontent
=337  \\$acomputer$2rdamedia
=338  \\$aonline resource$2rdacarrier
=540  \\$aCurrent copyright fee: GBP37.00$c2\0$5Uk
=859  \\$aELD$bejournal
=856  \\$31850-9999$uhttp://www.tandfonline.com/$xBLDSS
=852  41$aBritish Library$bHMNTS$jELD Digital store$3Volume 34:Issue 1(2020)-
=945  \\$aJournal of aging and environment
=979  \\$aBritish Library$bDSC$j4919.997815N
=985  \\$aELD accessioning record awaiting upgrade
=CAT  \\$a14412$b40$c20201006$lBLL01$h1037
=CAT  \\$a14412$b40$c20201006$lBLL01$h1038
=CAT  \\$a15020$b40$c20201008$lBLL01$h1125
=CAT  \\$a14412$b40$c20201015$lBLL01$h0825
=CAT  \\$a5552$b40$c20210930$lBLL01$h0828
=CAT  \\$aBLDSS-3PM$b00$c20211006$lBLL01$h0845
=CAT  \\$aBATCH-UPD$b00$c20211006$lBLL01$h0845
=CAT  \\$a5410$b40$c20211018$lBLL01$h0929
=CAT  \\$aBATCH-UPD$b40$c20221121$lBLL01$h1350
=CAT  \\$aIPL-CLA$c20221231$lBLL01$h1455
=CFI  0\$aCurrent copyright fee: GBP37.00$c2\0$e01-jan-2023$fGBP37.00$g0$hP$5Uk
=CFI  2\$aPrevious copyright fee: GBP35.00$c2\0$e30-sep-2021$fGBP35.00$g0$hP$5Uk
=FFP  \\$aY$bBLDSS-3PM
=MNI  \\$a2689-2618
=TOC  \\$aETOC
=LAS  \\$aIPL-CLA$b00$c20221231$lBLL01$h1455

