=LDR  01391cas a22004215i 4500
=001  019987270
=003  Uk
=005  20210623111936.0
=006  m\\\\\|\\d\|\\\\\\
=007  cr\|||||||||||
=008  201023c\\\\9999\\\\\\p\o\\\\\0\\\a0eng\\
=FMT  \\$a  SE
=022  \\$a1179-6901
=037  \\$a???$bSpringer
=245  00$aDrugs in R&D
=264  \1$bSpringer
=336  \\$atext$2rdacontent
=337  \\$acomputer$2rdamedia
=338  \\$aonline resource$2rdacarrier
=540  \\$aCurrent copyright fee: zero$c22\1$5Uk
=859  \\$aELD$bejournal
=856  \\$31850-9999$uhttp://link.springer.com/$xBLDSS
=852  41$aBritish Library$bHMNTS$jELD Digital store$3Volume 18:Issue 1(2018)-
=979  \\$aBritish Library$bDSC$j3630.101730N
=985  \\$aELD accessioning record awaiting upgrade
=CAT  \\$a15190$b40$c20201023$lBLL01$h1011
=CAT  \\$a15190$b40$c20201023$lBLL01$h1012
=CAT  \\$a15190$b40$c20201023$lBLL01$h1014
=CAT  \\$a12654$b40$c20210617$lBLL01$h1440
=CAT  \\$a12654$b40$c20210622$lBLL01$h0758
=CAT  \\$aBATCH-UNOA$c20210622$lBLL01$h2236
=CAT  \\$aBLDSS-3PM$b00$c20210623$lBLL01$h1119
=CAT  \\$aBATCH-UPD$b00$c20210623$lBLL01$h1120
=CFI  0\$aCurrent copyright fee: zero$c22\1$e17-jun-2021$fGBP0.00$g0$hP$5Uk
=FFP  \\$aY$bBLDSS-3PM
=MNI  \\$a1174-5886
=UNO  \\$aY
=LAS  \\$aBATCH-UPD$b00$c20210623$lBLL01$h1120

