=LDR  01703cas a22004935i 4500
=001  020294669
=003  Uk
=005  20230329114648.0
=006  m\\\\\|\\d\|\\\\\\
=007  cr\|||||||||||
=008  210814c\\\\9999\\\\\\p\o\\\\\0\\\a0eng\\
=FMT  \\$a  SE
=022  \\$a2713-6647
=037  \\$aISSN_1229988X_75$bPortico$nEmerald
=082  04$a332.6457$223
=245  00$aJournal of Derivatives and Quantitative Studies
=264  \1$bEmerald
=336  \\$atext$2rdacontent
=337  \\$acomputer$2rdamedia
=338  \\$aonline resource$2rdacarrier
=540  \\$aCurrent copyright fee: zero$c25\0$5Uk
=859  \\$aELD$bejournal
=856  \\$31850-9999$uhttp://www.emeraldinsight.com/$xBLDSS
=852  41$aBritish Library$bHMNTS$jELD Digital store$3Volume 28:Issue 2(2020)-
=945  \\$aJournal of Derivatives and Quantitative Studies
=979  \\$aBritish Library$bDSC$j4968.759800N
=985  \\$aELD accessioning record awaiting upgrade
=CAT  \\$a10983$b40$c20210814$lBLL01$h1422
=CAT  \\$a10983$b40$c20210922$lBLL01$h1306
=CAT  \\$a12654$b40$c20220217$lBLL01$h1406
=CAT  \\$a12654$b40$c20220218$lBLL01$h0806
=CAT  \\$aBATCH-UNOA$c20220223$lBLL01$h0019
=CAT  \\$aBLDSS-3PM$b00$c20220223$lBLL01$h0825
=CAT  \\$aBATCH-UPD$b00$c20220223$lBLL01$h0825
=CAT  \\$a5410$b40$c20230313$lBLL01$h1031
=CAT  \\$a5410$b40$c20230313$lBLL01$h1035
=CAT  \\$a5410$b40$c20230320$lBLL01$h1047
=CAT  \\$a5410$b40$c20230329$lBLL01$h1146
=CFI  0\$aCurrent copyright fee: zero$c25\0$e17-feb-2022$fGBP0.00$g0$hP$5Uk
=FFP  \\$aY$bBLDSS-3PM
=MNI  \\$a1229-988X
=TOC  \\$aETOC
=UNO  \\$aY
=LAS  \\$a5410$b40$c20230329$lBLL01$h1146

