=LDR  01603cas a22004577i 4500
=001  020343777
=003  Uk
=005  20230109084421.0
=006  m\\\\\\\\d\|\\\\\\
=007  cr\|||||||||||
=008  191112c\\\\9999\\\\\\\\o\\\\\0\\\a0eng\\
=FMT  \\$a  SE
=022  \\$a2691-5995
=037  \\$aISSN_26915979_21$bPortico$nTaylor & Francis
=040  \\$aUk$beng$cUk$erda
=082  04$a025.62$223
=245  00$aJournal of Library Resource Sharing.
=264  \1$bTaylor & Francis.
=336  \\$atext$2rdacontent
=337  \\$acomputer$2rdamedia
=338  \\$aonline resource$2rdacarrier
=540  \\$aCurrent copyright fee: GBP37.00$c2\0$5Uk
=856  \\$31850-9999$uhttp://www.tandfonline.com/$xBLDSS
=859  \\$aELD$bejournal
=852  41$aBritish Library$bHMNTS$jELD Digital store$3Volume 30:Issue 1/2(2021)-
=945  \\$aJournal of Library Resource Sharing
=979  \\$aBritish Library$bDSC$j5010.415500N
=CAT  \\$a5552$b40$c20211001$lBLL01$h0828
=CAT  \\$aBLDSS-3PM$b00$c20211006$lBLL01$h0845
=CAT  \\$aBATCH-UPD$b00$c20211006$lBLL01$h0847
=CAT  \\$a5410$b40$c20211018$lBLL01$h1106
=CAT  \\$aBATCH-UPD$b40$c20221121$lBLL01$h1350
=CAT  \\$aIPL-CLA$c20221231$lBLL01$h1455
=CAT  \\$a10902$b40$c20230107$lBLL01$h0858
=CAT  \\$a8874$b40$c20230109$lBLL01$h0844
=CFI  0\$aCurrent copyright fee: GBP37.00$c2\0$e01-jan-2023$fGBP37.00$g0$hP$5Uk
=CFI  2\$aPrevious copyright fee: GBP35.00$c2\0$e01-oct-2021$fGBP35.00$g0$hP$5Uk
=FFP  \\$aY$bBLDSS-3PM
=MNI  \\$a2691-5979
=TOC  \\$aETOC
=LAS  \\$a8874$b40$c20230109$lBLL01$h0844

