=LDR  01358cas a22004097i 4500
=001  020368538
=003  Uk
=005  20221003091947.0
=006  m\\\\\\\\d\|\\\\\\
=007  cr\|||||||||||
=008  191112c\\\\9999\\\\\\\\o\\\\\0\\\a0eng\\
=FMT  \\$a  SE
=022  \\$a2769-4127
=037  \\$aISSN_27694127_21$bPortico$nTaylor & Francis
=040  \\$aUk$beng$cUk$erda
=082  04$a612.1$223
=245  00$aAutophagy Reports.
=336  \\$atext$2rdacontent
=337  \\$acomputer$2rdamedia
=338  \\$aonline resource$2rdacarrier
=540  \\$aCurrent Copyright Fee: zero$c2\0$5Uk
=859  \\$aELD$bejournal
=856  \\$31850-9999$uhttp://www.tandfonline.com/$xBLDSS
=852  41$aBritish Library$bHMNTS$jELD Digital store$3Volume 1:Issue 1 (2022)-
=945  \\$aAutophagy Reports
=979  \\$aBritish Library$bDSC$j1835.065900N
=CAT  \\$a5552$b40$c20211025$lBLL01$h0901
=CAT  \\$aBLDSS-3PM$b00$c20211101$lBLL01$h0905
=CAT  \\$aBATCH-UPD$b00$c20211101$lBLL01$h0906
=CAT  \\$a5410$b40$c20211109$lBLL01$h2033
=CAT  \\$a5410$b40$c20211116$lBLL01$h1215
=CAT  \\$a14412$b40$c20221003$lBLL01$h0918
=CAT  \\$a14412$b40$c20221003$lBLL01$h0919
=CFI  0\$aCurrent copyright fee: zero$c2\0$e25-oct-2021$fGBP0.00$g0$hP$5Uk
=FFP  \\$aY$bBLDSS-3PM
=TOC  \\$aETOC
=LAS  \\$a14412$b40$c20221003$lBLL01$h0919

