=LDR  01466cas a22004095i 4500
=001  020382251
=003  Uk
=005  20230811152437.0
=006  m\\\\\|\\d\|\\\\\\
=007  cr\|||||||||||
=008  211103c\\\\9999\\\\\\p\o\\\\\0\\\a0eng\\
=FMT  \\$a  SE
=022  \\$a2199-8531
=037  3\$aISSN_21998531_8$bPortico$nElsevier
=037  \\$a???$bSpringer
=245  00$aJournal of Open Innovation: Technology, market, and complexity
=264  \1$bSpringer
=336  \\$atext$2rdacontent
=337  \\$acomputer$2rdamedia
=338  \\$aonline resource$2rdacarrier
=540  \\$aCurrent copyright fee: zero$c5\1$5Uk
=859  \\$aELD$bejournal
=856  \\$31850-9999$uhttp://www.sciencedirect.com/$xBLDSS
=852  41$aBritish Library$bHMNTS$jELD Digital store$3Volume 3:Issue 1(2017)-Volume 9:Issue 2(2023)
=979  \\$aBritish Library$bDSC$j5026.318500N
=985  \\$aELD accessioning record awaiting upgrade
=CAT  \\$a15190$b40$c20211103$lBLL01$h1354
=CAT  \\$a12654$b40$c20221228$lBLL01$h1214
=CAT  \\$a12654$b40$c20221228$lBLL01$h1215
=CAT  \\$aBLDSS-3PM$b00$c20230103$lBLL01$h1309
=CAT  \\$aBATCH-UPD$b00$c20230104$lBLL01$h0231
=CAT  \\$a10902$b40$c20230308$lBLL01$h0857
=CAT  \\$a14586$b40$c20230802$lBLL01$h1339
=CAT  \\$a15190$b40$c20230811$lBLL01$h1524
=CFI  0\$aCurrent copyright fee: zero$c5\1$e28-dec-2022$fGBP0.00$g0$hP$5Uk
=FFP  \\$aY$bBLDSS-3PM
=LAS  \\$a15190$b40$c20230811$lBLL01$h1524

