=LDR  01420cas a22004217i 4500
=001  020434581
=003  Uk
=005  20230426111133.0
=006  m\\\\\\\\d\|\\\\\\
=007  cr\|||||||||||
=008  191112c\\\\9999\\\\\\\\o\\\\\0\\\a0eng\\
=FMT  \\$a  SE
=022  \\$a2752-4191
=037  \\$aISSN_27524191_4$bPortico$nOxford University Press
=040  \\$aUk$beng$cUk$erda
=082  04$a616$223
=245  00$aEuropean Heart Journal Open
=264  \1$a[Oxford] :$bOxford University Press$c2021-
=336  \\$atext$2rdacontent
=337  \\$acomputer$2rdamedia
=338  \\$aonline resource$2rdacarrier
=540  \\$aCurrent Copyright Fee: zero$c29\0$5Uk
=856  \\$31850-9999$uhttp://www.oxfordjournals.org/$xBLDSS
=859  \\$aELD$bejournal
=852  41$aBritish Library$bHMNTS$jELD Digital store$3Volume 1:Issue 1(2021)-
=945  \\$aEuropean Heart Journal Open
=979  \\$aBritish Library$bDSC$j9838.213132N
=CAT  \\$a5552$b40$c20211223$lBLL01$h1412
=CAT  \\$aBLDSS-3PM$b00$c20211229$lBLL01$h0926
=CAT  \\$aBATCH-UPD$b00$c20211229$lBLL01$h0928
=CAT  \\$a5410$b40$c20220105$lBLL01$h1428
=CAT  \\$a14586$b40$c20220321$lBLL01$h1657
=CAT  \\$aBATCH-SUPP$c20230426$lBLL01$h1111
=CFI  0\$aCurrent Copyright Fee: zero$c29\0$e23-dec-2021$fGBP0.00$g0$hP$5Uk
=FFP  \\$aY$bBLDSS-3PM
=TOC  \\$aETOC
=UNO  \\$aY
=LAS  \\$aBATCH-SUPP$b00$c20230426$lBLL01$h1111

