=LDR  01647cas a22004698i 4500
=001  020521708
=003  Uk
=005  20230627083604.0
=006  m\\\\\\\\d\|\\\\\\
=007  cr||||||||||||
=008  220317c20239999enkqr\p\o\\\\\0\\\a0eng\\
=FMT  \\$a  SE
=022  0\$a2755-1857$202
=037  \\$a???$bSage (UK) Ltd
=040  \\$aUk$beng$cUk$erda
=222  \0$aApplied spectroscopy practica
=245  00$aApplied spectroscopy practica.
=263  \\$a202303
=264  \1$aLondon :$bSAGE Publishing
=310  \\$aQuarterly
=336  \\$atext$2rdacontent
=337  \\$acomputer$2rdamedia
=338  \\$aonline resource$2rdacarrier
=540  \\$aCurrent copyright fee: zero$c19\0$5Uk
=859  \\$aELD$bejournal
=856  \\$31850-9999$uhttp://www.uk.sagepub.com/home.nav$xBLDSS
=852  41$aBritish Library$bHMNTS$jELD Digital store
=979  \\$aBritish Library$bDSC$j1578.489000N
=979  \\$aBritish Library$bDSC
=985  \\$aISSN UK Centre: related title 'Applied spectroscopy' ISSN 1943-3530, please add 7XX as required.
=CAT  \\$a10973$b40$c20220317$lBLL01$h1141
=CAT  \\$a10983$b40$c20220821$lBLL01$h1113
=CAT  \\$a12654$b40$c20230620$lBLL01$h0939
=CAT  \\$a12654$b40$c20230620$lBLL01$h0944
=CAT  \\$aBATCH-UNOA$c20230621$lBLL01$h0143
=CAT  \\$aBLDSS-3PM$b00$c20230627$lBLL01$h0836
=CAT  \\$aBATCH-UPD$b00$c20230627$lBLL01$h0837
=CFI  0\$aCurrent copyright fee: zero$c19\0$e20-jun-2023$fGBP0.00$g0$hP$5Uk
=CFI  2\$aPrevious copyright fee: zero$c35\0$e24-nov-2022$fGBP0.00$g0$hP$5Uk
=FFP  \\$aY$bBLDSS-3PM
=UNO  \\$aY
=LAS  \\$aBATCH-UPD$b00$c20230627$lBLL01$h0837

