=LDR  02733cas a2200721 i 4500
=001  020529913
=003  Uk
=005  20230125143738.0
=006  m\\\\\|\\d\|\\\\\\
=007  cr\|||||||||||
=008  220325c20229999cc\qr\j\o\\\\\0\\\a0eng\\
=FMT  \\$a  SE
=022  0\$a2769-3325
=037  \\$aISSN_27693325_2$bPortico$nWiley
=040  \\$aUk$beng$cUk$erda
=042  \\$aukblsr
=082  04$a363.73874$223
=222  \0$aCarbon neutralization$b(Online)
=245  00$aCarbon neutralization.
=264  \1$aWenzhou, Zhejiang, China :$bWenzhou University and John Wiley & Sons Australia, Ltd,$c2022-
=300  \\$billustrations (colour)
=310  \\$aQuarterly
=336  \\$atext$2rdacontent
=337  \\$acomputer$2rdamedia
=338  \\$aonline resource$2rdacarrier
=362  0\$aVolume 1, issue 1 (2022)-
=500  \\$aTitle from PDF cover (Wiley Online Library, viewed January 11, 2023).
=588  \\$aLatest issue consulted: volume 1, issue 3 (2022)(viewed January 11, 2023).
=540  \\$aCurrent copyright fee: zero$c35\0$5Uk
=650  \7$aCarbon sequestration.$2fast$0(OCoLC)fst00846873
=650  \7$aCarbon dioxide mitigation.$2fast$0(OCoLC)fst00846840
=650  \7$aCarbon dioxide$xEnvironmental aspects.$2fast$0(OCoLC)fst00846818
=650  \7$aClean energy.$2fast$0(OCoLC)fst01920487
=655  \7$aPeriodicals.$2fast$0(OCoLC)fst01411641
=710  2\$aWenzhou da xue,$eissuing body.
=776  08$iAlso issued in print as:$tCarbon neutralization$x2769-3333
=856  40$31850-9999$uhttp://onlinelibrary.wiley.com/$xBLDSS
=859  \\$aELD$bejournal
=852  41$aBritish Library$bHMNTS$jELD Digital store$3Volume 1:Issue 1(2022)-
=945  \\$aCarbon neutralization.
=959  \\$fHeld but not currently received
=979  \\$aBritish Library$bDSC$j3050.995760N
=CAT  \\$a10902$b40$c20220325$lBLL01$h0906
=CAT  \\$a14586$b40$c20220729$lBLL01$h1634
=CAT  \\$a12654$b40$c20221007$lBLL01$h1230
=CAT  \\$a12654$b40$c20221007$lBLL01$h1235
=CAT  \\$aBLDSS-3PM$b00$c20221010$lBLL01$h1857
=CAT  \\$aBATCH-UPD$b00$c20221010$lBLL01$h2218
=CAT  \\$aBATCH-UNOA$c20221012$lBLL01$h0057
=CAT  \\$a5410$b40$c20221215$lBLL01$h1025
=CAT  \\$a5410$b40$c20221215$lBLL01$h1028
=CAT  \\$a5410$b40$c20221215$lBLL01$h1033
=CAT  \\$a5410$b40$c20221221$lBLL01$h0821
=CAT  \\$a8124$b40$c20230111$lBLL01$h1354
=CAT  \\$a8124$b40$c20230111$lBLL01$h1401
=CAT  \\$a8124$b40$c20230125$lBLL01$h1437
=CFI  0\$aCurrent copyright fee: zero$c35\0$e07-oct-2022$fGBP0.00$g0$hP$5Uk
=FFP  \\$aY$bBLDSS-3PM
=FIN  \\$aY$d20230111
=MNI  \\$a2769-3325
=TOC  \\$aETOC
=UNO  \\$aY
=LAS  \\$a8124$b40$c20230125$lBLL01$h1437

