=LDR  02138cas a22005657a 4500
=001  018719379
=003  Uk
=005  20221231145441.0
=006  m\\\\\\\\d\|||||||
=007  cr\|||||||||||
=008  170803c\\\\9999\\\\\\\\\\\\\\0\\\a0eng\\
=FMT  \\$a  SE
=022  \\$a2520-8128
=037  \\$a???$bSpringer
=040  \\$aUk$beng$cUk
=082  04$a620.15$221
=245  00$aNanomanufacturing and Metrology.
=264  \1$aSingapore :$bSpringer Singapore,$c2018
=336  \\$atext$2rdacontent
=337  \\$acomputer$2rdamedia
=338  \\$aonline resource$2rdacarrier
=540  \\$aCurrent copyright fee: GBP29.95$c22\1$5Uk
=859  \\$aELD$bejournal
=856  \\$31850-9999$uhttp://link.springer.com/$xBLDSS
=852  41$aBritish Library$bHMNTS$jELD Digital store$3Volume 1:Issue 1(2018)-
=945  \\$aNanomanufacturing and Metrology.
=979  \\$aBritish Library$bDSC$j9838.212583N
=985  \\$a3rd party access title for Remote supply please retain as base record when merging/deleting
=CAT  \\$a5552$b40$c20180131$lBLL01$h0901
=CAT  \\$aBATCH-UPD$b40$c20180207$lBLL01$h0123
=CAT  \\$aBLDSS-3PM$b00$c20180208$lBLL01$h1048
=CAT  \\$aBATCH-UPD$b00$c20180208$lBLL01$h1052
=CAT  \\$a5410$b40$c20180216$lBLL01$h1116
=CAT  \\$aBATCH-UPD$b40$c20180223$lBLL01$h1707
=CAT  \\$aIPL-CLA$c20180331$lBLL01$h1723
=CAT  \\$aBATCH-UPD$b00$c20180524$lBLL01$h1709
=CAT  \\$aIPL-CLA$c20180630$lBLL01$h1947
=CAT  \\$a5410$b40$c20191205$lBLL01$h1413
=CAT  \\$a15190$b40$c20210319$lBLL01$h1417
=CAT  \\$aBATCH-UPD$b40$c20221121$lBLL01$h1407
=CAT  \\$aIPL-CLA$c20221231$lBLL01$h1454
=CFI  0\$aCurrent copyright fee: GBP29.95$c22\1$e01-jan-2023$fGBP29.95$g0$hP$5Uk
=CFI  2\$aPrevious copyright fee: GBP34.00$c22\1$e01-jul-2018$fGBP34.00$g0$hP$5Uk
=FFP  \\$aY$bBLDSS-3PM
=MNI  \\$a2520-811X
=TOC  \\$aETOC
=UNO  \\$aY
=ACF  \\$aPrevious copyright fee: GBP30.73$c22\1$e31-jan-2018$fGBP30.73$g0$hP$5Uk
=ACF  \\$aPrevious copyright fee: GBP28.54$c22\1$e01-apr-2018$fGBP28.54$g0$hP$5Uk
=LAS  \\$aIPL-CLA$b00$c20221231$lBLL01$h1454

