=LDR  01600cas a22004337a 4500
=001  018741482
=003  Uk
=005  20230215092803.0
=006  m\\\\\\\\d\|||||||
=007  cr\|||||||||||
=008  180212c\\\\9999\\\\\\\\\\\\\\0\\\a0eng\\
=FMT  \\$a  SE
=022  \\$a2574-2167
=037  \\$aISSN_25742167$bPortico$nLippincott Williams & Wilkins
=040  \\$aUk$beng$cUk
=245  00$aOTA international.
=264  \1$aPhiladelphia, Pennsylvania :$bWolters Kluwer Health$c2018-
=336  \\$atext$2rdacontent
=337  \\$acomputer$2rdamedia
=338  \\$aonline resource$2rdacarrier
=540  \\$aCurrent copyright fee: zero$c20\0$5Uk
=856  \\$31850-9999$uhttp://journals.lww.com/pages/default.aspx$xBLDSS
=859  \\$aELD$bejournal
=852  41$aBritish Library$bHMNTS$jELD Digital store$3Volume 1:Issue 1(2018)-
=945  \\$aOTA international.
=979  \\$aBritish Library$bDSC$j6313.187500N
=985  \\$a3rd party access title for Remote supply please retain as base record when merging/deleting
=CAT  \\$a5552$b40$c20180212$lBLL01$h0933
=CAT  \\$aBATCH-UPD$b40$c20180214$lBLL01$h0104
=CAT  \\$aBLDSS-3PM$b00$c20180226$lBLL01$h1340
=CAT  \\$aBATCH-UPD$b00$c20180226$lBLL01$h1350
=CAT  \\$a10983$b40$c20180324$lBLL01$h0848
=CAT  \\$a12654$b40$c20230215$lBLL01$h0928
=CFI  0\$aCurrent copyright fee: zero$c20\0$e15-feb-2023$fGBP0.00$g0$hP$5Uk
=CFI  2\$aPrevious copyright fee: GBP32.00$c20\0$e12-feb-2018$fGBP32.00$g0$hP$5Uk
=FFP  \\$aY$bBLDSS-3PM
=TOC  \\$aETOC
=UNO  \\$aY
=LAS  \\$a12654$b40$c20230215$lBLL01$h0928

