=LDR  03654cas a22008418i 4500
=001  018809001
=003  Uk
=005  20220930143026.0
=006  m\\\\\\\\d\|\\\\\\
=007  cr||||||||||||
=008  180322c20189999enkfr\p\o\\\\\0\\\a0eng\\
=FMT  \\$a  SE
=022  0\$a2516-6115$202
=037  \\$a???$bSage (UK) Ltd
=040  \\$aUk$beng$cUk$erda
=222  \0$aFMS journal of management thought$b(Online)
=245  00$aFMS journal of management thought.
=263  \\$a201806
=264  \1$aLondon :$bSAGE Publishing
=310  \\$aSemiannual
=336  \\$atext$2rdacontent
=337  \\$acomputer$2rdamedia
=338  \\$aonline resource$2rdacarrier
=540  \\$aCurrent copyright fee: GBP32.82$c19\0$5Uk
=776  08$iAlso issued in print as:$tFMS journal of management thought$x2516-6107
=856  \\$31850-9999$uhttp://www.uk.sagepub.com/home.nav$xBLDSS
=866  \\$aContent not received
=859  \\$aELD$bejournal
=852  41$aBritish Library$bHMNTS$jELD Digital store
=945  \\$aFMS journal of management thought.
=979  \\$aBritish Library$bDSC$j3964.167700N
=985  \\$aISSN UK Centre note: Info from SAGE 11/6/20 - title not launched by SAGE, ownership transferred to editor and possibly will be published by different publisher (no info). ISSN not cancelled yet, will review after 3 months.
=CAT  \\$a11205$b40$c20180322$lBLL01$h1141
=CAT  \\$a5552$b40$c20180518$lBLL01$h1256
=CAT  \\$aBLDSS-3PM$b00$c20180521$lBLL01$h1126
=CAT  \\$aBATCH-UPD$b00$c20180521$lBLL01$h1127
=CAT  \\$aBATCH-UPD$b00$c20180823$lBLL01$h1936
=CAT  \\$aIPL-CLA$c20180930$lBLL01$h1522
=CAT  \\$a11450$b40$c20181016$lBLL01$h0920
=CAT  \\$aBATCH-UPD$b40$c20190521$lBLL01$h1408
=CAT  \\$aIPL-CLA$c20190630$lBLL01$h1550
=CAT  \\$aBATCH-UPD$b00$c20190829$lBLL01$h1517
=CAT  \\$aIPL-CLA$c20190930$lBLL01$h1659
=CAT  \\$aBATCH-UPD$b00$c20200219$lBLL01$h1510
=CAT  \\$aIPL-CLA$c20200331$lBLL01$h1638
=CAT  \\$aBATCH-UPD$b00$c20200522$lBLL01$h1447
=CAT  \\$a10973$b40$c20200615$lBLL01$h0719
=CAT  \\$a15005$b40$c20200615$lBLL01$h1604
=CAT  \\$aIPL-CLA$c20200701$lBLL01$h0124
=CAT  \\$aBATCH-UPD$b00$c20210226$lBLL01$h1029
=CAT  \\$aIPL-CLA$c20210331$lBLL01$h1704
=CAT  \\$aBATCH-UPD$b00$c20210707$lBLL01$h1552
=CAT  \\$aIPL-CLA$c20210707$lBLL01$h1845
=CAT  \\$aBATCH-UPD$b00$c20220520$lBLL01$h1639
=CAT  \\$aIPL-CLA$c20220630$lBLL01$h1541
=CAT  \\$aBATCH-UPD$b00$c20220824$lBLL01$h0906
=CAT  \\$aIPL-CLA$c20220930$lBLL01$h1430
=CFI  0\$aCurrent copyright fee: GBP32.82$c19\0$e01-oct-2022$fGBP32.82$g0$hP$5Uk
=CFI  2\$aPrevious copyright fee: GBP31.50$c19\0$e01-jul-2022$fGBP31.50$g0$hP$5Uk
=FFP  \\$aY$bBLDSS-3PM
=LET  \0$aFMS journal of management thought (Electronic)
=MNI  \\$a2516-6107
=TOC  \\$aETOC
=UNO  \\$aY
=ACF  \\$aPrevious copyright fee: GBP25.71$c19\0$e18-may-2018$fGBP25.71$g0$hP$5Uk
=ACF  \\$aPrevious copyright fee: GBP27.69$c19\0$e01-oct-2018$fGBP27.69$g0$hP$5Uk
=ACF  \\$aPrevious copyright fee: GBP29.08$c19\0$e01-jul-2019$fGBP29.08$g0$hP$5Uk
=ACF  \\$aPrevious copyright fee: GBP30.24$c19\0$e01-oct-2019$fGBP30.24$g0$hP$5Uk
=ACF  \\$aPrevious copyright fee: GBP30.29$c19\0$e01-apr-2020$fGBP30.29$g0$hP$5Uk
=ACF  \\$aPrevious copyright fee: GBP31.50$c19\0$e01-jul-2020$fGBP31.50$g0$hP$5Uk
=ACF  \\$aPrevious copyright fee: GBP29.17$c19\0$e01-apr-2021$fGBP29.17$g0$hP$5Uk
=ACF  \\$aPrevious copyright fee: GBP28.13$c19\0$e07-jul-2021$fGBP28.13$g0$hP$5Uk
=LAS  \\$aIPL-CLA$b00$c20220930$lBLL01$h1430

