=LDR  01363cas a22003977a 4500
=001  018816211
=003  Uk
=005  20211111123139.0
=006  m\\\\\\\\d\|||||||
=007  cr\|||||||||||
=008  170803c\\\\9999\\\\\\\\\\\\\\0\\\a0eng\\
=FMT  \\$a  SE
=022  \\$a2195-9706
=037  \\$a???$bSpringer
=040  \\$aUk$beng$cUk
=245  00$aGeothermal energy.
=264  \1$aHeidelberg :$bSpringer$c2013
=336  \\$atext$2rdacontent
=337  \\$acomputer$2rdamedia
=338  \\$aonline resource$2rdacarrier
=540  \\$aCurrent copyright fee: zero$c22\1$5Uk
=859  \\$aELD$bejournal
=856  \\$31850-9999$uhttp://link.springer.com/$xBLDSS
=852  41$aBritish Library$bHMNTS$jELD Digital store$3Volume 5:Issue 1(2017)-
=945  \\$aGeothermal energy -Heidelberg-.
=979  \\$aBritish Library$bDSC$j4161.015700N
=985  \\$a3rd party access title for Remote supply please retain as base record when merging/deleting
=CAT  \\$a5552$b40$c20180329$lBLL01$h0909
=CAT  \\$aBLDSS-3PM$b00$c20180403$lBLL01$h1659
=CAT  \\$aBATCH-UPD$b00$c20180403$lBLL01$h1702
=CAT  \\$a5410$b40$c20180416$lBLL01$h0840
=CAT  \\$a15190$b40$c20211111$lBLL01$h1231
=CFI  0\$aCurrent copyright fee: zero$c22\1$e29-mar-2018$fGBP0.00$g0$hP$5Uk
=FFP  \\$aY$bBLDSS-3PM
=UNO  \\$aY
=LAS  \\$a15190$b40$c20211111$lBLL01$h1231

