=LDR  01363cas a22003977a 4500
=001  018822102
=003  Uk
=005  20211111124138.0
=006  m\\\\\\\\d\|||||||
=007  cr\|||||||||||
=008  170803c\\\\9999\\\\\\\\\\\\\\0\\\a0eng\\
=FMT  \\$a  SE
=022  \\$a2191-1991
=037  \\$a???$bSpringer
=040  \\$aUk$beng$cUk
=245  00$aHealth economics review.
=264  \1$aHeidelberg :$bSpringer$c2011-
=336  \\$atext$2rdacontent
=337  \\$acomputer$2rdamedia
=338  \\$aonline resource$2rdacarrier
=540  \\$aCurrent copyright fee: zero$c22\1$5Uk
=859  \\$aELD$bejournal
=856  \\$31850-9999$uhttp://link.springer.com/$xBLDSS
=852  41$aBritish Library$bHMNTS$jELD Digital store$3Volume 7:Issue 1(2017)-
=945  \\$aHealth economics review.
=979  \\$aBritish Library$bDSC$j4274.968100N
=985  \\$a3rd party access title for Remote supply please retain as base record when merging/deleting
=CAT  \\$a5552$b40$c20180403$lBLL01$h1042
=CAT  \\$aBLDSS-3PM$b00$c20180409$lBLL01$h1027
=CAT  \\$aBATCH-UPD$b00$c20180409$lBLL01$h1027
=CAT  \\$a5410$b40$c20180418$lBLL01$h0955
=CAT  \\$a15190$b40$c20211111$lBLL01$h1241
=CFI  0\$aCurrent copyright fee: zero$c22\1$e03-apr-2018$fGBP0.00$g0$hP$5Uk
=FFP  \\$aY$bBLDSS-3PM
=UNO  \\$aY
=LAS  \\$a15190$b40$c20211111$lBLL01$h1241

