=LDR  01401cas a22003977a 4500
=001  018822169
=003  Uk
=005  20211116122317.0
=006  m\\\\\\\\d\|||||||
=007  cr\|||||||||||
=008  170803c\\\\9999\\\\\\\\\\\\\\0\\\a0eng\\
=FMT  \\$a  SE
=022  \\$a2198-4034
=037  \\$a???$bSpringer
=040  \\$aUk$beng$cUk
=245  00$aInternational journal of implant dentistry.
=264  \1$aHeidelberg :$bSpringer$c2015-
=336  \\$atext$2rdacontent
=337  \\$acomputer$2rdamedia
=338  \\$aonline resource$2rdacarrier
=540  \\$aCurrent copyright fee: zero$c22\1$5Uk
=859  \\$aELD$bejournal
=856  \\$31850-9999$uhttp://link.springer.com/$xBLDSS
=852  41$aBritish Library$bHMNTS$jELD Digital store$3Volume 4:Issue 1(2018)-
=945  \\$aInternational journal of implant dentistry.
=979  \\$aBritish Library$bDSC$j4542.302600N
=985  \\$a3rd party access title for Remote supply please retain as base record when merging/deleting
=CAT  \\$a5552$b40$c20180403$lBLL01$h1156
=CAT  \\$aBLDSS-3PM$b00$c20180409$lBLL01$h1027
=CAT  \\$aBATCH-UPD$b00$c20180409$lBLL01$h1027
=CAT  \\$a5410$b40$c20180420$lBLL01$h1346
=CAT  \\$a15190$b40$c20211116$lBLL01$h1223
=CFI  0\$aCurrent copyright fee: zero$c22\1$e03-apr-2018$fGBP0.00$g0$hP$5Uk
=FFP  \\$aY$bBLDSS-3PM
=UNO  \\$aY
=LAS  \\$a15190$b40$c20211116$lBLL01$h1223

