=LDR  01759cas a22004697a 4500
=001  018822202
=003  Uk
=005  20221231145445.0
=006  m\\\\\\\\d\|||||||
=007  cr\|||||||||||
=008  170803c\\\\9999\\\\\\\\\\\\\\0\\\a0eng\\
=FMT  \\$a  SE
=022  \\$a2228-5326
=037  \\$a???$bSpringer
=040  \\$aUk$beng$cUk
=245  00$aInternational nano letters.
=264  \1$aKermanshah :$bIslamic Azad University, Kermanshah Branch$c2010-
=336  \\$atext$2rdacontent
=337  \\$acomputer$2rdamedia
=338  \\$aonline resource$2rdacarrier
=540  \\$aCurrent copyright fee: GBP29.95$c22\1$5Uk
=859  \\$aELD$bejournal
=856  \\$31850-9999$uhttp://link.springer.com/$xBLDSS
=852  41$aBritish Library$bHMNTS$jELD Digital store$3Volume 7:Issue 4(2017)-
=945  \\$aInternational nano letters.
=979  \\$aBritish Library$bDSC$j4544.416400N
=985  \\$a3rd party access title for Remote supply please retain as base record when merging/deleting
=CAT  \\$a5552$b40$c20180403$lBLL01$h1232
=CAT  \\$aBLDSS-3PM$b00$c20180409$lBLL01$h1027
=CAT  \\$aBATCH-UPD$b00$c20180409$lBLL01$h1027
=CAT  \\$a5410$b40$c20180420$lBLL01$h1419
=CAT  \\$a15190$b40$c20201217$lBLL01$h1119
=CAT  \\$a5552$b40$c20210623$lBLL01$h0849
=CAT  \\$aBATCH-UPD$b40$c20221121$lBLL01$h1407
=CAT  \\$aIPL-CLA$c20221231$lBLL01$h1454
=CFI  0\$aCurrent copyright fee: GBP29.95$c22\1$e01-jan-2023$fGBP29.95$g0$hP$5Uk
=CFI  2\$aPrevious copyright fee: GBP34.00$c22\1$e23-jun-2021$fGBP34.00$g0$hP$5Uk
=FFP  \\$aY$bBLDSS-3PM
=MNI  \\$a2008-9295
=UNO  \\$aY
=ACF  \\$aPrevious copyright fee: zero$c22\1$e03-apr-2018$fGBP0.00$g0$hP$5Uk
=LAS  \\$aIPL-CLA$b00$c20221231$lBLL01$h1454

