=LDR  01563cas a22004337a 4500
=001  018836346
=003  Uk
=005  20210821135030.0
=006  m\\\\\\\\d\|||||||
=007  cr\|||||||||||
=008  170803c\\\\9999\\\\\\\\\\\\\\0\\\a0eng\\
=FMT  \\$a  SE
=022  \\$a2288-8586
=037  \\$a???$bSpringer
=040  \\$aUk$beng$cUk
=082  04$a617.6$221
=245  00$aMaxillofacial Plastic and Reconstructive Surgery.
=264  \1$aSeoul :$bKorean Association of Maxillofacial Plastic Reconstructive Surgeons$c2014-
=336  \\$atext$2rdacontent
=337  \\$acomputer$2rdamedia
=338  \\$aonline resource$2rdacarrier
=540  \\$aCurrent copyright fee: zero$c22\1$5Uk
=856  \\$31850-9999$uhttp://link.springer.com/$xBLDSS
=859  \\$aELD$bejournal
=852  41$aBritish Library$bHMNTS$jELD Digital store$3Volume 39:Issue 1(2017)-
=945  \\$aMaxillofacial Plastic and Reconstructive Surgery.
=979  \\$aBritish Library$bDSC$j5413.302250N
=985  \\$a3rd party access title for Remote supply please retain as base record when merging/deleting
=CAT  \\$a5552$b40$c20180416$lBLL01$h1110
=CAT  \\$aBLDSS-3PM$b00$c20180424$lBLL01$h1250
=CAT  \\$aBATCH-UPD$b00$c20180424$lBLL01$h1252
=CAT  \\$a5410$b40$c20180504$lBLL01$h1218
=CAT  \\$a5410$b40$c20191120$lBLL01$h1140
=CAT  \\$a10983$b40$c20210821$lBLL01$h1350
=CFI  0\$aCurrent copyright fee: zero$c22\1$e16-apr-2018$fGBP0.00$g0$hP$5Uk
=FFP  \\$aY$bBLDSS-3PM
=TOC  \\$aETOC
=UNO  \\$aY
=LAS  \\$a10983$b40$c20210821$lBLL01$h1350

