=LDR  01471cas a22004337a 4500
=001  018836351
=003  Uk
=005  20211117122056.0
=006  m\\\\\\\\d\|||||||
=007  cr\|||||||||||
=008  170803c\\\\9999\\\\\\\\\\\\\\0\\\a0eng\\
=FMT  \\$a  SE
=022  \\$a2213-9621
=037  \\$a???$bSpringer
=040  \\$aUk$beng$cUk
=082  04$a620.5$221
=245  00$aMicro and nano systems letters.
=264  \1$aHeidelberg :$bSpringer$c2013
=336  \\$atext$2rdacontent
=337  \\$acomputer$2rdamedia
=338  \\$aonline resource$2rdacarrier
=540  \\$aCurrent copyright fee: zero$c22\1$5Uk
=859  \\$aELD$bejournal
=856  \\$31850-9999$uhttp://link.springer.com/$xBLDSS
=852  41$aBritish Library$bHMNTS$jELD Digital store$3Volume 5:Issue 1(2017)-
=945  \\$aMicro and nano systems letters.
=979  \\$aBritish Library$bDSC$j5756.775465N
=985  \\$a3rd party access title for Remote supply please retain as base record when merging/deleting
=CAT  \\$a5552$b40$c20180416$lBLL01$h1114
=CAT  \\$aBLDSS-3PM$b00$c20180424$lBLL01$h1250
=CAT  \\$aBATCH-UPD$b00$c20180424$lBLL01$h1252
=CAT  \\$a5410$b40$c20180504$lBLL01$h1227
=CAT  \\$a5410$b40$c20191121$lBLL01$h0859
=CAT  \\$a15190$b40$c20211117$lBLL01$h1220
=CFI  0\$aCurrent copyright fee: zero$c22\1$e16-apr-2018$fGBP0.00$g0$hP$5Uk
=FFP  \\$aY$bBLDSS-3PM
=TOC  \\$aETOC
=UNO  \\$aY
=LAS  \\$a15190$b40$c20211117$lBLL01$h1220

