=LDR  01508cas a22004457a 4500
=001  018836362
=003  Uk
=005  20210319144318.0
=006  m\\\\\\\\d\|||||||
=007  cr\|||||||||||
=008  170803c\\\\9999\\\\\\\\\\\\\\0\\\a0eng\\
=FMT  \\$a  SE
=022  \\$a2192-2209
=037  \\$a???$bSpringer
=040  \\$aUk$beng$cUk
=082  04$a572.2$221
=245  00$aNatural products and bioprospecting.
=264  \1$aHeidelberg :$bSpringer$c2011-
=336  \\$atext$2rdacontent
=337  \\$acomputer$2rdamedia
=338  \\$aonline resource$2rdacarrier
=540  \\$aCurrent copyright fee: zero$c22\1$5Uk
=859  \\$aELD$bejournal
=856  \\$31850-9999$uhttp://link.springer.com/$xBLDSS
=852  41$aBritish Library$bHMNTS$jELD Digital store$3Volume 7:Issue 6(2017)-
=945  \\$aNatural products and bioprospecting.
=979  \\$aBritish Library$bDSC$j6040.738240N
=985  \\$a3rd party access title for Remote supply please retain as base record when merging/deleting
=CAT  \\$a5552$b40$c20180416$lBLL01$h1122
=CAT  \\$aBLDSS-3PM$b00$c20180424$lBLL01$h1250
=CAT  \\$aBATCH-UPD$b00$c20180424$lBLL01$h1252
=CAT  \\$a5410$b40$c20180504$lBLL01$h1313
=CAT  \\$a5410$b40$c20191122$lBLL01$h1316
=CAT  \\$a15190$b40$c20210319$lBLL01$h1443
=CFI  0\$aCurrent copyright fee: zero$c22\1$e16-apr-2018$fGBP0.00$g0$hP$5Uk
=FFP  \\$aY$bBLDSS-3PM
=MNI  \\$a2192-2195
=TOC  \\$aETOC
=UNO  \\$aY
=LAS  \\$a15190$b40$c20210319$lBLL01$h1443

