=LDR  01710cas a22004817a 4500
=001  018836373
=003  Uk
=005  20230810123059.0
=006  m\\\\\\\\d\|||||||
=007  cr\|||||||||||
=008  170803d20162020enk\\\\\\\\\\\0\\\a0eng\\
=FMT  \\$a  SE
=022  \\$a2363-7501
=037  \\$a???$bSpringer
=040  \\$aUk$beng$cUk
=082  04$a910.285$221
=222  \0$aOpen geospatial data, software and standards
=245  00$aOpen geospatial data, software and standards.
=264  \1$aLondon :$bSpringerOpen,$c2016-2020.
=336  \\$atext$2rdacontent
=337  \\$acomputer$2rdamedia
=338  \\$aonline resource$2rdacarrier
=362  0\$aVolume 1, issue 1 (December 2016)-volume 5, issue 1 (December 2020).
=540  \\$aCurrent copyright fee: zero$c22\1$5Uk
=859  \\$aELD$bejournal
=856  \\$31850-9999$uhttp://link.springer.com/$xBLDSS
=852  41$aBritish Library$bHMNTS$jELD Digital store$3Volume 3:Issue 1(2018)
=945  \\$aOpen geospatial data software and standards.
=979  \\$aBritish Library$bDSC$j6265.959270N
=985  \\$aUpgraded by BSS-generated file for WR1910-0531
=CAT  \\$a5552$b40$c20180416$lBLL01$h1129
=CAT  \\$aBLDSS-3PM$b00$c20180424$lBLL01$h1250
=CAT  \\$aBATCH-UPD$b00$c20180424$lBLL01$h1252
=CAT  \\$a5410$b40$c20180504$lBLL01$h1318
=CAT  \\$aW1910-0531$b00$c20191108$lBLL01$h1836
=CAT  \\$a5410$b40$c20191126$lBLL01$h0916
=CAT  \\$a15190$b40$c20211117$lBLL01$h1233
=CAT  \\$a10969$b40$c20230810$lBLL01$h1230
=CFI  0\$aCurrent copyright fee: zero$c22\1$e03-apr-2018$fGBP0.00$g0$hP$5Uk
=FFP  \\$aY$bBLDSS-3PM
=TOC  \\$aETOC
=UNO  \\$aY
=LAS  \\$a10969$b40$c20230810$lBLL01$h1230

