=LDR  02983cas a2200709 i 4500
=001  018848412
=003  Uk
=005  20211231154745.0
=006  m\\\\\|\\d\|\\\\\\
=007  cr\|||||||||||
=008  180426c19149999coumr\p\o\\\\\0\\\a0eng\\
=FMT  \\$a  SE
=022  \\$a1551-8833
=037  \\$aISSN_0003150X$bPortico$nWiley
=040  \\$aUk$beng$cUk$erda
=042  \\$aukblsr
=082  04$a363.61097305$223
=210  0\$aJ. Am. Water Works Assoc. (Online)
=222  \0$aJournal of the American Water Works Association
=245  00$aJournal  American Water Works Association.
=246  30$aJournal
=246  17$aJournal AWWA
=264  \1$aDenver, CO :$bAmerican Water Works Association
=336  \\$atext$2rdacontent
=337  \\$acomputer$2rdamedia
=338  \\$aonline resource$2rdacarrier
=362  1\$aPrint bagan in 1914.
=588  \\$aDescription based on: volume 52, number 1 (January 1960) ; title from journal home page (Wiley Online Library, viewed July 11, 2018).
=588  \\$aLatest issue consulted: volume 110, number 7 (July 2018) (viewed July 11, 2018).
=540  \\$aCurrent copyright fee: GBP39.00$c35\0$5Uk
=650  \0$aWater-supply$zUnited States$vPeriodicals.
=650  \0$aWater-supply engineering$zUnited States$vPeriodicals.
=710  2\$aAmerican Water Works Association,$eissuing body.
=776  08$iAlso issued in print as:$tJournal of the American Water Works Association$x0003-150X
=859  \\$aELD$bejournal
=856  \\$31850-9999$uhttp://onlinelibrary.wiley.com/$xBLDSS
=852  41$aBritish Library$bHMNTS$jELD Digital store$3Volume 105:Issue 1(2013)-
=945  \\$aJournal - American Water Works Association.
=979  \\$aBritish Library$bDSC$j4696.000000
=985  \\$a222 does not have "Online" on ISSN Portal
=CAT  \\$a10983$b40$c20180426$lBLL01$h1157
=CAT  \\$a8124$b40$c20180711$lBLL01$h1427
=CAT  \\$a8124$b40$c20180816$lBLL01$h1403
=CAT  \\$a5552$b40$c20190418$lBLL01$h1346
=CAT  \\$aBLDSS-3PM$b00$c20190424$lBLL01$h1555
=CAT  \\$aBATCH-UPD$b00$c20190424$lBLL01$h1556
=CAT  \\$aR1911-0245$c20191127$lBLL01$h0824
=CAT  \\$aR1911-0245$c20191127$lBLL01$h1045
=CAT  \\$aIPL-CLA$c20191231$lBLL01$h2045
=CAT  \\$aW2111-0842$c20211208$lBLL01$h1943
=CAT  \\$aIPL-CLA$c20211231$lBLL01$h1547
=CFI  0\$aCurrent copyright fee: GBP39.00$c35\0$e01-jan-2022$fGBP39.00$g0$hP$5Uk
=CFI  2\$aPrevious Copyright Fee: GBP32.00$c35\0$e01-jan-2020$fGBP32.00$g0$hP$5Uk
=FFP  \\$aY$bBLDSS-3PM
=FIN  \\$aY$d20180711
=LET  \0$aJournal  American Water Works Association (Electronic)
=LKR  \\$aPAR$b010484204$lBLL01$r776$mJournal  American Water Works Association (Online)$nJournal of the American Water Works Association (Print)
=MNI  \\$a0003-150X
=TOC  \\$aETOC
=UNO  \\$aY
=ACF  \\$aPrevious copyright fee: GBP28.00$c35\0$e18-apr-2019$fGBP28.00$g0$hP$5Uk
=LAS  \\$aIPL-CLA$b00$c20211231$lBLL01$h1547

