=LDR  01270 as a22003735i 4500
=001  018889249
=003  Uk
=005  20181213154532.0
=006  m\\\\\|\\d\|\\\\\\
=007  cr\|||||||||||
=008  180605c\\\\9999\\\\\\p\o\\\\\0\\\a0eng\\
=FMT  \\$a  SE
=022  \\$a2001-8517
=037  \\$aISSN_20018517_21$bPortico$nTaylor & Francis
=245  00$aAdvances in regenerative biology.
=264  \1$bTaylor & Francis.
=336  \\$atext$2rdacontent
=337  \\$acomputer$2rdamedia
=338  \\$aonline resource$2rdacarrier
=540  \\$aCurrent copyright fee: zero$c2\0$5Uk
=859  \\$aELD$bejournal
=856  \\$31850-9999$uhttp://www.tandfonline.com/$xBLDSS
=852  41$aBritish Library$bHMNTS$jELD Digital store$3Volume 3(2016)
=945  \\$aAdvances in regenerative biology.
=979  \\$aBritish Library$bDSC$j0711.316200N
=985  \\$aELD accessioning record awaiting upgrade
=CAT  \\$a10902$b40$c20180605$lBLL01$h1624
=CAT  \\$a5552$b40$c20181213$lBLL01$h1545
=CAT  \\$aBLDSS-3PM$b00$c20181218$lBLL01$h1720
=CAT  \\$aBATCH-UPD$b00$c20181218$lBLL01$h1721
=CFI  0\$aCurrent copyright fee: zero$c2\0$e13-dec-2018$fGBP0.00$g0$hP$5Uk
=FFP  \\$aY$bBLDSS-3PM
=TOC  \\$aETOC
=LAS  \\$aBATCH-UPD$b00$c20181218$lBLL01$h1721

