=LDR  01485cas a22004335i 4500
=001  018889255
=003  Uk
=005  20191120083917.0
=006  m\\\\\|\\d\|\\\\\\
=007  cr\|||||||||||
=008  180605c\\\\9999\\\\\\p\o\\\\\0\\\a0eng\\
=FMT  \\$a  SE
=022  \\$a2574-254X
=037  \\$aISSN_2574254X$bPortico$nTaylor & Francis
=082  04$a618.92398$221
=245  00$aChild and adolescent obesity.
=264  \1$bTaylor & Francis.
=336  \\$atext$2rdacontent
=337  \\$acomputer$2rdamedia
=338  \\$aonline resource$2rdacarrier
=540  \\$aCurrent copyright fee: zero$c2\0$5Uk
=859  \\$aELD$bejournal
=856  \\$31850-9999$uhttp://www.tandfonline.com/$xBLDSS
=852  41$aBritish Library$bHMNTS$jELD Digital store$3Volume 1:Issue 1(2018)-
=945  \\$aChild and adolescent obesity.
=979  \\$aBritish Library$bDSC$j3172.913585N
=985  \\$aELD accessioning record awaiting upgrade
=CAT  \\$a10902$b40$c20180605$lBLL01$h1642
=CAT  \\$a10806$b40$c20180927$lBLL01$h1149
=CAT  \\$a5552$b40$c20181218$lBLL01$h1458
=CAT  \\$aIPL-CLA$c20181231$lBLL01$h1556
=CAT  \\$aBLDSS-3PM$b00$c20190115$lBLL01$h1424
=CAT  \\$aBATCH-UPD$b00$c20190115$lBLL01$h1430
=CAT  \\$a5410$b40$c20191113$lBLL01$h1124
=CAT  \\$a5410$b40$c20191120$lBLL01$h0839
=CFI  0\$aCurrent copyright fee: zero$c2\0$e01-jan-2019$fGBP0.00$g0$hP$5Uk
=FFP  \\$aY$bBLDSS-3PM
=TOC  \\$aETOC
=LAS  \\$a5410$b40$c20191120$lBLL01$h0839

