=LDR  01641cas a22004695i 4500
=001  018907723
=003  Uk
=005  20191009091713.0
=006  m\\\\\|\\d\|\\\\\\
=007  cr\|||||||||||
=008  180613c\\\\9999\\\\\\p\o\\\\\0\\\a0eng\\
=FMT  \\$a  SE
=022  \\$a2572-3618
=037  \\$aISSN_25723618$bPortico$nTaylor & Francis
=082  04$a800$221
=222  \0$aComparative literature--East & West
=245  00$aComparative literature: East & West
=264  \1$bTaylor & Francis
=336  \\$atext$2rdacontent
=337  \\$acomputer$2rdamedia
=338  \\$aonline resource$2rdacarrier
=540  \\$aCurrent copyright fee: zero$c2\0$5Uk
=859  \\$aELD$bejournal
=856  \\$31850-9999$uhttp://www.tandfonline.com/$xBLDSS
=852  41$aBritish Library$bHMNTS$jELD Digital store$3Volume 25:Issue 1(2016)-
=945  \\$aComparative literature East and West.
=979  \\$aBritish Library$bDSC$j3363.789090N
=985  \\$aELD accessioning record awaiting upgrade
=CAT  \\$a14586$b40$c20180613$lBLL01$h1715
=CAT  \\$a10806$b40$c20181106$lBLL01$h0751
=CAT  \\$a5552$b40$c20181219$lBLL01$h0937
=CAT  \\$aIPL-CLA$c20181231$lBLL01$h1556
=CAT  \\$aBLDSS-3PM$b00$c20190115$lBLL01$h1425
=CAT  \\$aBATCH-UPD$b00$c20190115$lBLL01$h1430
=CAT  \\$a5410$b40$c20190923$lBLL01$h1103
=CAT  \\$a5410$b40$c20190923$lBLL01$h1104
=CAT  \\$a5410$b40$c20191009$lBLL01$h0916
=CAT  \\$a5410$b40$c20191009$lBLL01$h0917
=CFI  0\$aCurrent copyright fee: zero$c2\0$e01-jan-2019$fGBP0.00$g0$hP$5Uk
=FFP  \\$aY$bBLDSS-3PM
=TOC  \\$aETOC
=LAS  \\$a5410$b40$c20191009$lBLL01$h0917

