=LDR  01447cas a22003977a 4500
=001  019056193
=003  Uk
=005  20190718141947.0
=006  m\\\\\\\\d\|||||||
=007  cr\|||||||||||
=008  180919c\\\\9999\\\\\\\\\\\\\\0\\\a0eng\\
=FMT  \\$a  SE
=022  \\$a2576-3342
=037  \\$aISSN_25763342$bPortico$nLippincott Williams & Wilkins
=040  \\$aUk$beng$cUk
=245  00$aInternational journal of surgery global health.
=264  \1$aNew York, NY :$bWolters Kluwer$c2018-
=336  \\$atext$2rdacontent
=337  \\$acomputer$2rdamedia
=338  \\$aonline resource$2rdacarrier
=540  \\$aCurrent copyright fee: zero$c20\0$5Uk
=859  \\$aELD$bejournal
=856  \\$31850-9999$uhttp://journals.lww.com/pages/default.aspx$xBLDSS
=852  41$aBritish Library$bHMNTS$jELD Digital store$3Volume 1:Issue 1(2018)-
=945  \\$aInternational journal of surgery global health.
=979  \\$aBritish Library$bDSC$j4542.685072N
=985  \\$a3rd party access title for Remote supply please retain as base record when merging/deleting
=CAT  \\$a5552$b40$c20180919$lBLL01$h0940
=CAT  \\$aBLDSS-3PM$b00$c20180928$lBLL01$h0855
=CAT  \\$aBATCH-UPD$b00$c20180928$lBLL01$h0903
=CAT  \\$a15005$b40$c20190718$lBLL01$h1419
=CFI  0\$aCurrent copyright fee: zero$c20\0$e19-sep-2018$fGBP0.00$g0$hP$5Uk
=FFP  \\$aY$bBLDSS-3PM
=TOC  \\$aETOC
=UNO  \\$aY
=LAS  \\$a15005$b40$c20190718$lBLL01$h1419

