=LDR  01408cas a22003977a 4500
=001  019185718
=003  Uk
=005  20200930092033.0
=006  m\\\\\\\\d\|||||||
=007  cr\|||||||||||
=008  181218c\\\\9999\\\\\\\\\\\\\\0\\\a0eng\\
=FMT  \\$a  SE
=022  \\$a2578-6911
=037  \\$aISSN_25786911_21$bPortico$nTaylor & Francis
=040  \\$aUk$beng$cUk
=245  00$aInnovations in physics: x.
=264  \1$aAbingdon, Oxfordshire, UK :$bTaylor & Francis Group Ltd.$c2018-
=336  \\$atext$2rdacontent
=337  \\$acomputer$2rdamedia
=338  \\$aonline resource$2rdacarrier
=540  \\$aCurrent copyright fee: zero$c2\0$5Uk
=859  \\$aELD$bejournal
=856  \\$31850-9999$uhttp://www.tandfonline.com/$xBLDSS
=852  41$aBritish Library$bHMNTS$jELD Digital store
=945  \\$aInnovations in physics: x.
=979  \\$aBritish Library$bDSC$j4515.487280N
=985  \\$a3rd party access title for Remote supply please retain as base record when merging/deleting
=CAT  \\$a5552$b40$c20181218$lBLL01$h1202
=CAT  \\$aBLDSS-3PM$b00$c20190115$lBLL01$h1425
=CAT  \\$aBATCH-UPD$b00$c20190115$lBLL01$h1431
=CAT  \\$a14412$b40$c20191121$lBLL01$h0952
=CAT  \\$a9667$b40$c20200930$lBLL01$h0920
=CFI  0\$aCurrent copyright fee: zero$c2\0$e18-dec-2018$fGBP0.00$g0$hP$5Uk
=FFP  \\$aY$bBLDSS-3PM
=TOC  \\$aETOC
=LAS  \\$a9667$b40$c20200930$lBLL01$h0920

