=LDR  01683cas a22004455i 4500
=001  019187521
=003  Uk
=005  20190719120826.0
=006  m\\\\\|\\d\|\\\\\\
=007  cr\|||||||||||
=008  181219c\\\\9999\\\\\\p\o\\\\\0\\\a0eng\\
=FMT  \\$a  SE
=022  \\$a2326-3253
=037  \\$aISSN_23263253$bPortico$nLippincott Williams & Wilkins
=245  00$aACG Case Reports Journal
=264  \1$bLippincott Williams & Wilkins
=336  \\$atext$2rdacontent
=337  \\$acomputer$2rdamedia
=338  \\$aonline resource$2rdacarrier
=540  \\$aCurrent copyright fee: zero$c20\0$5Uk
=859  \\$aELD$bejournal
=856  \\$31850-9999$uhttp://journals.lww.com/pages/default.aspx$xBLDSS
=852  41$aBritish Library$bHMNTS$jELD Digital store$3Volume 2:Issue 3(2015)-
=945  \\$aACG Case Reports Journal
=979  \\$aBritish Library$bDSC$j0575.377000N$xComes with 5008.055;Not selected
=985  \\$aELD accessioning record awaiting upgrade
=985  \\$aChecked http://acgcasereports.gi.org/, no mention of LWW anywhere. Will check again March 2019 (Richard (Leeds), 11/01/19)
=CAT  \\$a14586$b40$c20181219$lBLL01$h1121
=CAT  \\$a14586$b40$c20181221$lBLL01$h1159
=CAT  \\$a14586$b40$c20190103$lBLL01$h1504
=CAT  \\$a10806$b40$c20190111$lBLL01$h1107
=CAT  \\$a5552$b40$c20190128$lBLL01$h1628
=CAT  \\$aBLDSS-3PM$b00$c20190206$lBLL01$h0827
=CAT  \\$aBATCH-UPD$b00$c20190206$lBLL01$h0830
=CAT  \\$a15005$b40$c20190719$lBLL01$h1208
=CFI  0\$aCurrent copyright fee: zero$c20\0$e28-jan-2019$fGBP0.00$g0$hP$5Uk
=FFP  \\$aY$bBLDSS-3PM
=TOC  \\$aETOC
=UNO  \\$aY
=LAS  \\$a15005$b40$c20190719$lBLL01$h1208

