=LDR  01517cas a22004337a 4500
=001  019200257
=003  Uk
=005  20190722134503.0
=006  m\\\\\\\\d\|||||||
=007  cr\|||||||||||
=008  190107c\\\\9999\\\\\\\\\\\\\\0\\\a0eng\\
=FMT  \\$a  SE
=022  \\$a2590-1362
=037  \\$aISSN_25901362$bPortico$nElsevier
=040  \\$aUk$beng$cUk
=222  \0$aVaccine. X
=245  00$aVaccine$pX.
=264  \1$aOxford :$bElsevier Ltd.$c2019-
=336  \\$atext$2rdacontent
=337  \\$acomputer$2rdamedia
=338  \\$aonline resource$2rdacarrier
=540  \\$aCurrent copyright fee: zero$c5\1$5Uk
=859  \\$aELD$bejournal
=856  \\$31850-9999$uhttp://www.sciencedirect.com/$xBLDSS
=852  41$aBritish Library$bHMNTS$jELD Digital store$3Volume 1(2019)-
=945  \\$aVaccine X.
=979  \\$aBritish Library$bDSC$j9138.640000N
=985  \\$a3rd party access title for Remote supply please retain as base record when merging/deleting
=CAT  \\$a5552$b40$c20190107$lBLL01$h1112
=CAT  \\$aBLDSS-3PM$b00$c20190115$lBLL01$h1425
=CAT  \\$aBATCH-UPD$b00$c20190115$lBLL01$h1437
=CAT  \\$a12654$b40$c20190411$lBLL01$h1536
=CAT  \\$a14412$b40$c20190722$lBLL01$h1338
=CAT  \\$a14412$b40$c20190722$lBLL01$h1345
=CFI  0\$aCurrent copyright fee: zero$c5\1$e11-apr-2019$fGBP0.00$g0$hP$5Uk
=CFI  2\$aPrevious copyright fee: GBP23.40$c5\1$e04-jan-2019$fGBP23.40$g0$hP$5Uk
=FFP  \\$aY$bBLDSS-3PM
=TOC  \\$aETOC
=LAS  \\$a14412$b40$c20190722$lBLL01$h1345

