=LDR  01903cas a22005058i 4500
=001  019213574
=003  Uk
=005  20191127115639.0
=006  m\\\\\\\\d\|\\\\\\
=007  cr||||||||||||
=008  190116c20209999enkqr\p\o\\\\\0\\\a0eng\\
=FMT  \\$a  SE
=022  0\$a2631-889X$202
=037  \\$aijecsa$bInderscience
=040  \\$aUk$beng$cUk$erda
=082  04$a630.2085$221
=222  \0$aInternational journal of emerging computing for sustainable agriculture$b(Online)
=245  00$aInternational journal of emerging computing for sustainable agriculture.
=263  \\$a202001
=264  \1$aOlney :$bInderscience Publishers
=310  \\$aQuarterly
=336  \\$atext$2rdacontent
=337  \\$acomputer$2rdamedia
=338  \\$aonline resource$2rdacarrier
=540  \\$aCurrent copyright fee: GBP28.00$c48\0$5Uk
=776  08$iAlso issued in print as:$tInternational journal of emerging computing for sustainable agriculture$x2631-8881
=859  \\$aELD$bejournal
=856  \\$31850-9999$uhttp://www.inderscience.com/$xBLDSS
=852  41$aBritish Library$bHMNTS$jELD Digital store
=945  \\$aInternational journal of emerging computing for sustainable agriculture.
=979  \\$aBritish Library$bDSC$j4542.232770N
=CAT  \\$a7152$b40$c20190116$lBLL01$h1336
=CAT  \\$a11205$b40$c20190123$lBLL01$h1031
=CAT  \\$a8311$b40$c20191106$lBLL01$h1336
=CAT  \\$a5552$b40$c20191113$lBLL01$h1434
=CAT  \\$aBLDSS-3PM$b00$c20191121$lBLL01$h1516
=CAT  \\$aBATCH-UPD$b00$c20191121$lBLL01$h1516
=CAT  \\$a5410$b40$c20191127$lBLL01$h1156
=CFI  0\$aCurrent copyright fee: GBP28.00$c48\0$e13-nov-2019$fGBP28.00$g0$hP$5Uk
=FFP  \\$aY$bBLDSS-3PM
=LET  \0$aInternational journal of emerging computing for sustainable agriculture (Electronic)
=MNI  \\$a2631-8881
=TOC  \\$aETOC
=UNO  \\$aY
=LAS  \\$a5410$b40$c20191127$lBLL01$h1156

