=LDR  01465cas a22004217a 4500
=001  019213612
=003  Uk
=005  20210223115106.0
=006  m\\\\\\\\d\|||||||
=007  cr\|||||||||||
=008  170803c\\\\9999\\\\\\\\\\\\\\0\\\a0eng\\
=FMT  \\$a  SE
=022  \\$a2196-5420
=037  \\$a???$bSpringer
=040  \\$aUk$beng$cUk
=245  00$aJournal of modern power systems and clean energy.
=264  \1$aHeidelberg :$bSpringer$c2013-
=336  \\$atext$2rdacontent
=337  \\$acomputer$2rdamedia
=338  \\$aonline resource$2rdacarrier
=540  \\$aCurrent copyright fee: zero$c22\1$5Uk
=859  \\$aELD$bejournal
=856  \\$31850-9999$uhttp://link.springer.com/$xBLDSS
=852  41$aBritish Library$bHMNTS$jELD Digital store$3Volume 6:Issue 1(2018)-
=945  \\$aJournal of modern power systems and clean energy.
=979  \\$aBritish Library$bDSC$j5020.686250N
=985  \\$a3rd party access title for Remote supply please retain as base record when merging/deleting
=CAT  \\$a5552$b40$c20190116$lBLL01$h1412
=CAT  \\$aBATCH-UPD$b40$c20190123$lBLL01$h0053
=CAT  \\$aBLDSS-3PM$b00$c20190130$lBLL01$h1513
=CAT  \\$aBATCH-UPD$b00$c20190130$lBLL01$h1631
=CAT  \\$a15190$b40$c20210223$lBLL01$h1151
=CFI  0\$aCurrent copyright fee: zero$c22\1$e16-jan-2019$fGBP0.00$g0$hP$5Uk
=FFP  \\$aY$bBLDSS-3PM
=MNI  \\$a2196-5625
=TOC  \\$aETOC
=UNO  \\$aY
=LAS  \\$a15190$b40$c20210223$lBLL01$h1151

