=LDR  01381cas a22004097a 4500
=001  019215235
=003  Uk
=005  20210821134019.0
=006  m\\\\\\\\d\|||||||
=007  cr\|||||||||||
=008  170803c\\\\9999\\\\\\\\\\\\\\0\\\a0eng\\
=FMT  \\$a  SE
=022  \\$a2196-1115
=037  \\$a???$bSpringer
=040  \\$aUk$beng$cUk
=245  00$aJournal of big data.
=264  \1$aHeidelberg :$bSpringer$c2013-
=336  \\$atext$2rdacontent
=337  \\$acomputer$2rdamedia
=338  \\$aonline resource$2rdacarrier
=540  \\$aCurrent copyright fee: zero$c22\1$5Uk
=856  \\$31850-9999$uhttp://link.springer.com/$xBLDSS
=859  \\$aELD$bejournal
=852  41$aBritish Library$bHMNTS$jELD Digital store$3Volume 4:Issue 1(2017)-
=945  \\$aJournal of big data.
=979  \\$aBritish Library$bDSC$j4951.565200N
=985  \\$a3rd party access title for Remote supply please retain as base record when merging/deleting
=CAT  \\$a5552$b40$c20190118$lBLL01$h0927
=CAT  \\$aBATCH-UPD$b40$c20190123$lBLL01$h0053
=CAT  \\$aBLDSS-3PM$b00$c20190130$lBLL01$h1513
=CAT  \\$aBATCH-UPD$b00$c20190130$lBLL01$h1631
=CAT  \\$a10983$b40$c20210821$lBLL01$h1340
=CFI  0\$aCurrent copyright fee: zero$c22\1$e18-jan-2019$fGBP0.00$g0$hP$5Uk
=FFP  \\$aY$bBLDSS-3PM
=TOC  \\$aETOC
=UNO  \\$aY
=LAS  \\$a10983$b40$c20210821$lBLL01$h1340

