=LDR  01425cas a22004217a 4500
=001  019219958
=003  Uk
=005  20201021110751.0
=006  m\\\\\\\\d\|||||||
=007  cr\|||||||||||
=008  170803c\\\\9999\\\\\\\\\\\\\\0\\\a0eng\\
=FMT  \\$a  SE
=022  \\$a2364-1541
=037  \\$a???$bSpringer
=040  \\$aUk$beng$cUk
=245  00$aData science and engineering.
=264  \1$aHeidelberg :$bSpringer$c2016-
=336  \\$atext$2rdacontent
=337  \\$acomputer$2rdamedia
=338  \\$aonline resource$2rdacarrier
=540  \\$aCurrent copyright fee: zero$c22\1$5Uk
=859  \\$aELD$bejournal
=856  \\$31850-9999$uhttp://link.springer.com/$xBLDSS
=852  41$aBritish Library$bHMNTS$jELD Digital store$3Volume 3:Issue 1(2018)-
=945  \\$aData science and engineering.
=979  \\$aBritish Library$bDSC$j3535.354800N
=985  \\$a3rd party access title for Remote supply please retain as base record when merging/deleting
=CAT  \\$a5552$b40$c20190122$lBLL01$h1415
=CAT  \\$aBATCH-UPD$b40$c20190123$lBLL01$h0053
=CAT  \\$aBLDSS-3PM$b00$c20190130$lBLL01$h1513
=CAT  \\$aBATCH-UPD$b00$c20190130$lBLL01$h1633
=CAT  \\$a15190$b40$c20201021$lBLL01$h1107
=CFI  0\$aCurrent copyright fee: zero$c22\1$e18-jan-2019$fGBP0.00$g0$hP$5Uk
=FFP  \\$aY$bBLDSS-3PM
=MNI  \\$a2364-1185
=TOC  \\$aETOC
=UNO  \\$aY
=LAS  \\$a15190$b40$c20201021$lBLL01$h1107

