=LDR  01479cas a22004217a 4500
=001  019225734
=003  Uk
=005  20210305161417.0
=006  m\\\\\\\\d\|||||||
=007  cr\|||||||||||
=008  170803c\\\\9999\\\\\\\\\\\\\\0\\\a0eng\\
=FMT  \\$a  SE
=022  \\$a1614-4961
=037  \\$a???$bSpringer
=040  \\$aUk$beng$cUk
=245  00$aLiving reviews in solar physics.
=264  \1$aKatlenburg-Lindau :$bMax-Planck-Institut fur Sonnensystemforschung.$c2004-
=336  \\$atext$2rdacontent
=337  \\$acomputer$2rdamedia
=338  \\$aonline resource$2rdacarrier
=540  \\$aCurrent copyright fee: zero$c22\1$5Uk
=859  \\$aELD$bejournal
=856  \\$31850-9999$uhttp://link.springer.com/$xBLDSS
=852  41$aBritish Library$bHMNTS$jELD Digital store$3Volume 14:Issue 1(2017)-
=945  \\$aLiving reviews in solar physics.
=979  \\$aBritish Library$bDSC$j5283.234800N
=985  \\$a3rd party access title for Remote supply please retain as base record when merging/deleting
=CAT  \\$a5552$b40$c20190128$lBLL01$h1144
=CAT  \\$aBATCH-UPD$b40$c20190129$lBLL01$h2354
=CAT  \\$aBLDSS-3PM$b00$c20190206$lBLL01$h0827
=CAT  \\$aBATCH-UPD$b00$c20190206$lBLL01$h0831
=CAT  \\$a15190$b40$c20210305$lBLL01$h1614
=CFI  0\$aCurrent copyright fee: zero$c22\1$e18-jan-2019$fGBP0.00$g0$hP$5Uk
=FFP  \\$aY$bBLDSS-3PM
=MNI  \\$a2367-3648
=TOC  \\$aETOC
=UNO  \\$aY
=LAS  \\$a15190$b40$c20210305$lBLL01$h1614

