=LDR  01550cas a22004217a 4500
=001  019229361
=003  Uk
=005  20220803125240.0
=006  m\\\\\\\\d\|||||||
=007  cr\|||||||||||
=008  190131c\\\\9999\\\\\\\\\\\\\\0\\\a0eng\\
=FMT  \\$a  SE
=022  \\$a2639-8028
=037  \\$aISSN_26398028$bPortico$nLippincott Williams & Wilkins
=040  \\$aUk$beng$cUk
=245  00$aCritical care explorations.
=264  \1$aPhiladelphia, PA :$bWolters Kluwer Health, Learning, Research and Practice$c2019-
=336  \\$atext$2rdacontent
=337  \\$acomputer$2rdamedia
=338  \\$aonline resource$2rdacarrier
=540  \\$aCurrent copyright fee: zero$c20\0$5Uk
=856  \\$31850-9999$uhttp://journals.lww.com/pages/default.aspx$xBLDSS
=859  \\$aELD$bejournal
=852  41$aBritish Library$bHMNTS$jELD Digital store$3Volume 1:Number 1(2019)-
=945  \\$aCritical care explorations.
=979  \\$aBritish Library$bDSC$j3487.450720N
=985  \\$a3rd party access title for Remote supply please retain as base record when merging/deleting
=CAT  \\$a5552$b40$c20190131$lBLL01$h1318
=CAT  \\$aBLDSS-3PM$b00$c20190206$lBLL01$h0827
=CAT  \\$aBATCH-UPD$b00$c20190206$lBLL01$h0832
=CAT  \\$a15005$b40$c20190719$lBLL01$h1146
=CAT  \\$a15005$b40$c20190719$lBLL01$h1147
=CAT  \\$a12654$b40$c20220803$lBLL01$h1252
=CFI  0\$aCurrent copyright fee: zero$c20\0$e31-jan-2019$fGBP0.00$g0$hP$5Uk
=FFP  \\$aY$bBLDSS-3PM
=TOC  \\$aETOC
=UNO  \\$aY
=LAS  \\$a12654$b40$c20220803$lBLL01$h1252

