=LDR  01447cas a22003977a 4500
=001  019229370
=003  Uk
=005  20190718140144.0
=006  m\\\\\\\\d\|||||||
=007  cr\|||||||||||
=008  190131c\\\\9999\\\\\\\\\\\\\\0\\\a0eng\\
=FMT  \\$a  SE
=022  \\$a2475-5028
=037  \\$aISSN_24755028$bPortico$nLippincott Williams & Wilkins
=040  \\$aUk$beng$cUk
=245  00$aJournal of head & neck anesthesia.
=264  \1$a[Ann Arbor,MI] :$bSociety for Head and Neck Anesthesia,$c2016-
=336  \\$atext$2rdacontent
=337  \\$acomputer$2rdamedia
=338  \\$aonline resource$2rdacarrier
=540  \\$aCurrent copyright fee: zero$c20\0$5Uk
=856  \\$31850-9999$uhttp://journals.lww.com/pages/default.aspx$xBLDSS
=859  \\$aELD$bejournal
=852  41$aBritish Library$bHMNTS$jELD Digital store$3Volume 1:Issue 1(2016)-
=945  \\$aJournal of head and neck anesthesia
=979  \\$aBritish Library$bDSC$j4996.665000N
=985  \\$a3rd party access title for Remote supply please retain as base record when merging/deleting
=CAT  \\$a5552$b40$c20190131$lBLL01$h1332
=CAT  \\$aBLDSS-3PM$b00$c20190206$lBLL01$h0827
=CAT  \\$aBATCH-UPD$b00$c20190206$lBLL01$h0832
=CAT  \\$a15005$b40$c20190718$lBLL01$h1401
=CFI  0\$aCurrent copyright fee: zero$c20\0$e31-jan-2019$fGBP0.00$g0$hP$5Uk
=FFP  \\$aY$bBLDSS-3PM
=TOC  \\$aETOC
=UNO  \\$aY
=LAS  \\$a15005$b40$c20190718$lBLL01$h1401

