=LDR  01456cas a22004217a 4500
=001  019344888
=003  Uk
=005  20230822095357.0
=006  m\\\\\\\\d\|||||||
=007  cr\|||||||||||
=008  170803c\\\\9999\\\\\\\\\\\\\\0\\\a0eng\\
=FMT  \\$a  SE
=022  \\$a2233-7660
=037  \\$a???$bSpringer
=040  \\$aUk$beng$cUk
=245  00$aLaboratory animal research.
=264  \1$aSeoul :$bKorean Association for Laboratory Animal Science$c1985
=336  \\$atext$2rdacontent
=337  \\$acomputer$2rdamedia
=338  \\$aonline resource$2rdacarrier
=540  \\$aCurrent copyright fee: zero$c22\1$5Uk
=859  \\$aELD$bejournal
=856  \\$31850-9999$uhttp://link.springer.com/$xBLDSS
=852  41$aBritish Library$bHMNTS$jELD Digital store$3Volume 31:Issue 1(2015)-
=945  \\$aLaboratory animal research.
=979  \\$aBritish Library$bDSC$j5138.537000N
=985  \\$a3rd party access title for Remote supply please retain as base record when merging/deleting
=CAT  \\$a5552$b40$c20190402$lBLL01$h1204
=CAT  \\$aBATCH-UPD$b40$c20190403$lBLL01$h0044
=CAT  \\$aBLDSS-3PM$b00$c20190409$lBLL01$h0855
=CAT  \\$aBATCH-UPD$b00$c20190409$lBLL01$h0922
=CAT  \\$a11450$b40$c20230822$lBLL01$h0953
=CFI  0\$aCurrent copyright fee: zero$c22\1$e02-apr-2019$fGBP0.00$g0$hP$5Uk
=FFP  \\$aY$bBLDSS-3PM
=MNI  \\$a1738-6055
=TOC  \\$aETOC
=UNO  \\$aY
=LAS  \\$a11450$b40$c20230822$lBLL01$h0953

