=LDR  01353cas a22003857a 4500
=001  019362521
=003  Uk
=005  20190722120331.0
=006  m\\\\\\\\d\|||||||
=007  cr\|||||||||||
=008  190409c\\\\9999\\\\\\\\\\\\\\0\\\a0eng\\
=FMT  \\$a  SE
=022  \\$a2590-1745
=037  \\$aISSN_25901745$bPortico$nElsevier
=040  \\$aUk$beng$cUk
=245  00$aEnergy conversion and management. X
=264  \1$aOxford :$bElsevier Ltd.$c2019-
=336  \\$atext$2rdacontent
=337  \\$acomputer$2rdamedia
=338  \\$aonline resource$2rdacarrier
=540  \\$aCurrent copyright fee: zero$c5\1$5Uk
=859  \\$aELD$bejournal
=856  \\$31850-9999$uhttp://www.sciencedirect.com/$xBLDSS
=852  41$aBritish Library$bHMNTS$jELD Digital store$3Volume 1(2019)-
=945  \\$aEnergy conversion and management X
=979  \\$aBritish Library$bDSC$j3747.547100N
=985  \\$a3rd party access title for Remote supply please retain as base record when merging/deleting
=CAT  \\$a5552$b40$c20190409$lBLL01$h1436
=CAT  \\$aBLDSS-3PM$b00$c20190418$lBLL01$h0834
=CAT  \\$aBATCH-UPD$b00$c20190418$lBLL01$h0836
=CAT  \\$a14412$b40$c20190722$lBLL01$h1203
=CFI  0\$aCurrent copyright fee: zero$c5\1$e09-apr-2019$fGBP0.00$g0$hP$5Uk
=FFP  \\$aY$bBLDSS-3PM
=TOC  \\$aETOC
=LAS  \\$a14412$b40$c20190722$lBLL01$h1203

