=LDR  01402cas a22004097a 4500
=001  019362529
=003  Uk
=005  20230204083703.0
=006  m\\\\\\\\d\|||||||
=007  cr\|||||||||||
=008  190409c\\\\9999\\\\\\\\\\\\\\0\\\a0eng\\
=FMT  \\$a  SE
=022  \\$a2590-1575
=037  \\$aISSN_25901575$bPortico$nElsevier
=040  \\$aUk$beng$cUk
=245  00$aFood chemistry. X
=264  \1$aAmsterdam :$bElsevier B.V.$c2019-
=336  \\$atext$2rdacontent
=337  \\$acomputer$2rdamedia
=338  \\$aonline resource$2rdacarrier
=540  \\$aCurrent copyright fee: zero$c5\1$5Uk
=859  \\$aELD$bejournal
=856  \\$31850-9999$uhttp://www.sciencedirect.com/$xBLDSS
=852  41$aBritish Library$bHMNTS$jELD Digital store
=945  \\$aFood chemistry X.
=979  \\$aBritish Library$bDSC$j3977.286050N
=985  \\$a3rd party access title for Remote supply please retain as base record when merging/deleting
=CAT  \\$a5552$b40$c20190409$lBLL01$h1441
=CAT  \\$aBLDSS-3PM$b00$c20190418$lBLL01$h0834
=CAT  \\$aBATCH-UPD$b00$c20190418$lBLL01$h0836
=CAT  \\$a15020$b40$c20230204$lBLL01$h0725
=CAT  \\$a15020$b40$c20230204$lBLL01$h0836
=CAT  \\$a15020$b40$c20230204$lBLL01$h0837
=CFI  0\$aCurrent copyright fee: zero$c5\1$e09-apr-2019$fGBP0.00$g0$hP$5Uk
=FFP  \\$aY$bBLDSS-3PM
=TOC  \\$aETOC
=LAS  \\$a15020$b40$c20230204$lBLL01$h0837

