=LDR  01315cas a22003857a 4500
=001  019364726
=003  Uk
=005  20230215121135.0
=006  m\\\\\\\\d\|||||||
=007  cr\|||||||||||
=008  190410c\\\\9999\\\\\\\\\\\\\\0\\\a0eng\\
=FMT  \\$a  SE
=022  \\$a2590-0498
=037  \\$aISSN_25900498$bPortico$nElsevier
=040  \\$aUk$beng$cUk
=245  00$aMaterials today advances.
=264  \1$aOxford :$bElsevier Ltd.$c2018-
=336  \\$atext$2rdacontent
=337  \\$acomputer$2rdamedia
=338  \\$aonline resource$2rdacarrier
=540  \\$aCurrent copyright fee: zero$c5\1$5Uk
=856  \\$31850-9999$uhttp://www.sciencedirect.com/$xBLDSS
=859  \\$aELD$bejournal
=852  41$aBritish Library$bSTI$jELD Digital store
=945  \\$aMaterials today advances.
=979  \\$aBritish Library$bDSC$j5396.507010N
=985  \\$a3rd party access title for Remote supply please retain as base record when merging/deleting
=CAT  \\$a5552$b40$c20190410$lBLL01$h1434
=CAT  \\$aBLDSS-3PM$b00$c20190418$lBLL01$h0834
=CAT  \\$aBATCH-UPD$b00$c20190418$lBLL01$h0836
=CAT  \\$a15731$b40$c20230215$lBLL01$h1211
=CFI  0\$aCurrent copyright fee: zero$c5\1$e10-apr-2019$fGBP0.00$g0$hP$5Uk
=FFP  \\$aY$bBLDSS-3PM
=TOC  \\$aETOC
=LAS  \\$a15731$b40$c20230215$lBLL01$h1211

