=LDR  01785cas a22004938i 4500
=001  019390017
=003  Uk
=005  20191127140015.0
=006  m\\\\\\\\d\|\\\\\\
=007  cr||||||||||||
=008  190503c20209999enkqr\p\o\\\\\0\\\a0eng\\
=FMT  \\$a  SE
=022  0\$a2632-4830$202
=037  \\$aijkse$bInderscience
=040  \\$aUk$beng$cUk$erda
=082  04$a005.741$221
=222  \0$aInternational journal of knowledge science and engineering$b(Online)
=245  00$aInternational journal of knowledge science and engineering
=263  \\$a202005
=264  \1$aOlney :$bInderscience Publishers
=310  \\$aQuarterly
=336  \\$atext$2rdacontent
=337  \\$acomputer$2rdamedia
=338  \\$aonline resource$2rdacarrier
=540  \\$aCurrent copyright fee: GBP28.00$c48\0$5Uk
=776  08$iAlso issue in print as:$tInternational journal of knowledge science and engineering$x2632-4822
=859  \\$aELD$bejournal
=856  \\$31850-9999$uhttp://www.inderscience.com/$xBLDSS
=852  41$aBritish Library$bHMNTS$jELD Digital store
=945  \\$aInternational journal of knowledge science and engineering.
=979  \\$aBritish Library$bDSC$j4542.311895N
=CAT  \\$a7152$b40$c20190503$lBLL01$h1620
=CAT  \\$a8311$b40$c20191106$lBLL01$h1359
=CAT  \\$a5552$b40$c20191114$lBLL01$h0837
=CAT  \\$aBLDSS-3PM$b00$c20191121$lBLL01$h1516
=CAT  \\$aBATCH-UPD$b00$c20191121$lBLL01$h1516
=CAT  \\$a5410$b40$c20191127$lBLL01$h1400
=CFI  0\$aCurrent copyright fee: GBP28.00$c48\0$e14-nov-2019$fGBP28.00$g0$hP$5Uk
=FFP  \\$aY$bBLDSS-3PM
=LET  \0$aInternational journal of knowledge science and engineering (Electronic)
=MNI  \\$a2632-4822
=TOC  \\$aETOC
=UNO  \\$aY
=LAS  \\$a5410$b40$c20191127$lBLL01$h1400

