=LDR  01413 as a22004097a 4500
=001  019462920
=003  Uk
=005  20190731104813.0
=006  m\\\\\\\\d\|||||||
=007  cr\|||||||||||
=008  190709c\\\\9999\\\\\\\\\\\\\\0\\\a0eng\\
=FMT  \\$a  SE
=022  \\$a2590-1354
=037  \\$aISSN_25901354$bPortico$nElsevier
=040  \\$aUk$beng$cUk
=082  04$a616.136$221
=245  00$aAtherosclerosis$pX.
=264  \1$aAmsterdam :$bElsevier B.V.$c2019-
=336  \\$atext$2rdacontent
=337  \\$acomputer$2rdamedia
=338  \\$aonline resource$2rdacarrier
=540  \\$aCurrent copyright fee: zero$c5\1$5Uk
=859  \\$aELD$bejournal
=856  \\$31850-9999$uhttp://www.sciencedirect.com/$xBLDSS
=852  41$aBritish Library$bHMNTS$jELD Digital store$3Volume 1(2019)-Volume 2(2019)
=945  \\$aAtherosclerosis X.
=979  \\$aBritish Library$bDSC$j1765.878450N
=985  \\$a3rd party access title for Remote supply please retain as base record when merging/deleting
=CAT  \\$a5552$b40$c20190709$lBLL01$h1311
=CAT  \\$a14412$b40$c20190717$lBLL01$h1405
=CAT  \\$aBLDSS-3PM$b00$c20190717$lBLL01$h1521
=CAT  \\$aBATCH-UPD$b00$c20190717$lBLL01$h1522
=CAT  \\$a5410$b40$c20190731$lBLL01$h1048
=CFI  0\$aCurrent copyright fee: zero$c5\1$e09-jul-2019$fGBP0.00$g0$hP$5Uk
=FFP  \\$aY$bBLDSS-3PM
=TOC  \\$aETOC
=LAS  \\$a5410$b40$c20190731$lBLL01$h1048

