=LDR  01601cas a22004457a 4500
=001  019462940
=003  Uk
=005  20221222113706.0
=006  m\\\\\\\\d\|||||||
=007  cr\|||||||||||
=008  190709d\\\\uuuu\\\\\\\\\\\\\\0\\\a0eng\\
=FMT  \\$a  SE
=022  \\$a2590-1885
=037  \\$aISSN_25901885$bPortico$nElsevier
=040  \\$aUk$beng$cUk$dUk
=082  04$a006.33$223
=245  00$aExpert systems with applications$pX.
=264  \1$aAmsterdam :$bElsevier B.V.$c2019-
=336  \\$atext$2rdacontent
=337  \\$acomputer$2rdamedia
=338  \\$aonline resource$2rdacarrier
=540  \\$aCurrent copyright fee: zero$c5\1$5Uk
=785  00$tIntelligent systems with applications
=859  \\$aELD$bejournal
=856  \\$31850-9999$uhttp://www.sciencedirect.com/$xBLDSS
=852  41$aBritish Library$bHMNTS$jELD Digital store$3Volume 1(2019)-Volume 8(2020)
=945  \\$aExpert systems with applications X .
=979  \\$aBritish Library$bDSC$j3842.004230N
=985  \\$a3rd party access title for Remote supply please retain as base record when merging/deleting
=CAT  \\$a5552$b40$c20190709$lBLL01$h1342
=CAT  \\$aBLDSS-3PM$b00$c20190717$lBLL01$h1521
=CAT  \\$aBATCH-UPD$b00$c20190717$lBLL01$h1522
=CAT  \\$a14412$b40$c20190722$lBLL01$h1230
=CAT  \\$a5410$b40$c20190725$lBLL01$h1517
=CAT  \\$a8250$b40$c20221222$lBLL01$h1135
=CAT  \\$a8250$b40$c20221222$lBLL01$h1137
=CFI  0\$aCurrent copyright fee: zero$c5\1$e09-jul-2019$fGBP0.00$g0$hP$5Uk
=FFP  \\$aY$bBLDSS-3PM
=TOC  \\$aETOC
=LAS  \\$a8250$b40$c20221222$lBLL01$h1137

