=LDR  02230cas a2200613 i 4500
=001  019462985
=003  Uk
=005  20200923153138.0
=006  m\\\\\\\\d\|||||||
=007  cr\|||||||||||
=008  190709c20199999enkqr\p\\\\\\\0\\\a0eng\\
=FMT  \\$a  SE
=015  \\$aGBC0E4757$2bnb
=022  \\$a2590-0617
=037  \\$aISSN_25900617$bPortico$nElsevier
=040  \\$aUk$beng$cUk$dUk$erda
=042  \\$aukblsr
=082  04$a363.3405$223
=222  \0$aProgress in disaster science
=245  00$aProgress in disaster science.
=264  \1$aOxford :$bElsevier Ltd.,$c2019-
=300  \\$billustrations (black and white, and colour)
=310  \\$aQuarterly
=336  \\$atext$2rdacontent
=337  \\$acomputer$2rdamedia
=338  \\$aonline resource$2rdacarrier
=362  0\$aVolume 1 (May 2019)-
=500  \\$aTitle from pdf header (ScienceDirect, viewed September 23, 2020).
=588  \\$aLatest issue consulted: volume 7 (October 2020, viewed September 23, 2020).
=540  \\$aCurrent copyright fee: zero$c5\1$5Uk
=650  \0$aDisasters$vPeriodicals.
=650  \0$aDisaster relief$xPlanning$vPeriodicals.
=650  \0$aEmergency management$vPeriodicals.
=856  4\$31850-9999$uhttp://www.sciencedirect.com/$xBLDSS
=859  \\$aELD$bejournal
=852  41$aBritish Library$bHMNTS$jELD Digital store$3Volume 1(2019)-
=945  \\$aProgress in disaster science.
=979  \\$aBritish Library$bDSC$j6868.157000N
=985  \\$a3rd party access title for Remote supply please retain as base record when merging/deleting
=985  \\$aCatalogued via VPN, September 2020
=CAT  \\$a5552$b40$c20190709$lBLL01$h1425
=CAT  \\$aBLDSS-3PM$b00$c20190717$lBLL01$h1521
=CAT  \\$aBATCH-UPD$b00$c20190717$lBLL01$h1522
=CAT  \\$a5410$b40$c20190726$lBLL01$h1458
=CAT  \\$a15190$b40$c20200130$lBLL01$h1141
=CAT  \\$a8311$b40$c20200218$lBLL01$h1327
=CAT  \\$a8124$b40$c20200923$lBLL01$h1531
=CFI  0\$aCurrent copyright fee: zero$c5\1$e09-jul-2019$fGBP0.00$g0$hP$5Uk
=FFP  \\$aY$bBLDSS-3PM
=FIN  \\$aY$d20200923
=LET  \0$aProgress in disaster science (Electronic)
=MNI  \\$a2590-0617
=TOC  \\$aETOC
=LAS  \\$a8124$b40$c20200923$lBLL01$h1531

