=LDR  01388cas a22004095i 4500
=001  019606193
=003  Uk
=005  20211012161053.0
=006  m\\\\\|\\d\|\\\\\\
=007  cr\|||||||||||
=008  191108c\\\\9999\\\\\\p\o\\\\\0\\\a0eng\\
=FMT  \\$a  SE
=022  \\$a2688-9277
=037  \\$aISSN_26889277_21$bPortico$nTaylor & Francis
=082  04$a620.11$223
=245  00$aEuropean Journal of Materials
=264  \1$bTaylor & Francis
=336  \\$atext$2rdacontent
=337  \\$acomputer$2rdamedia
=338  \\$aonline resource$2rdacarrier
=540  \\$aCurrent copyright fee: zero$c2\0$5Uk
=859  \\$aELD$bejournal
=856  \\$31850-9999$uhttp://www.tandfonline.com/$xBLDSS
=852  41$aBritish Library$bHMNTS$jELD Digital store$3Volume 1:Issue 1(2021)-
=945  \\$aEuropean Journal of Materials
=979  \\$aBritish Library$bDSC$j3829.731215N
=985  \\$aELD accessioning record awaiting upgrade
=CAT  \\$a11450$b40$c20191108$lBLL01$h1047
=CAT  \\$a9667$b40$c20200930$lBLL01$h0918
=CAT  \\$a5552$b40$c20210928$lBLL01$h0842
=CAT  \\$aBLDSS-3PM$b00$c20211006$lBLL01$h0845
=CAT  \\$aBATCH-UPD$b00$c20211006$lBLL01$h0845
=CAT  \\$a5410$b40$c20211012$lBLL01$h1610
=CFI  0\$aCurrent copyright fee: zero$c2\0$e28-sep-2021$fGBP0.00$g0$hP$5Uk
=FFP  \\$aY$bBLDSS-3PM
=TOC  \\$aETOC
=LAS  \\$a5410$b40$c20211012$lBLL01$h1610

