=LDR  02274cas a2200613 i 4500
=001  019620163
=003  Uk
=005  20210729164317.0
=006  m\\\\\\\\d\|\\\\\\
=007  cr\|||||||||||
=008  191112c20199999enk\x\p\o\\\\\0\\\a0eng\\
=FMT  \\$a  SE
=015  \\$aGBC0D2869$2bnb
=022  0\$a2590-1125
=037  \\$aISSN_25901125_8$bPortico$nElsevier
=040  \\$aUk$beng$cUk$erda
=042  \\$aukblsr
=082  04$a616.833005$221
=222  \0$aClinical parkinsonism & related disorders
=245  00$aClinical parkinsonism & related disorders.
=246  3\$aClinical parkinsonism and related disorders
=264  \1$aOxford :$bElsevier,$c2019-
=300  \\$billustrations (black and white, and colour)
=336  \\$atext$2rdacontent
=337  \\$acomputer$2rdamedia
=338  \\$aonline resource$2rdacarrier
=362  0\$aVolume 1 (2019)-
=500  \\$aTitle from table of contents page (ScienceDirect.com, viewed September 8, 2020).
=515  \\$aArticles added, as accepted, to current issue.
=588  \\$aLatest issue consulted: volume 3 (2020) (viewed September 8, 2020).
=540  \\$aCurrent copyright fee: zero$c5\1$5Uk
=650  \0$aParkinson's disease$vPeriodicals.
=650  \0$aMovement disorders$vPeriodicals.
=856  4\$31850-9999$uhttp://www.sciencedirect.com/$xBLDSS
=859  \\$aELD$bejournal
=852  41$aBritish Library$bHMNTS$jELD Digital store$3Volume 1(2019)-
=945  \\$aClinical parkinsonism and related disorders.
=979  \\$aBritish Library$bDSC$j3286.324360N
=985  \\$aCatalogued via VPN, September 2020
=CAT  \\$a5552$b40$c20191121$lBLL01$h1351
=CAT  \\$aBLDSS-3PM$b00$c20191127$lBLL01$h1331
=CAT  \\$aBATCH-UPD$b00$c20191127$lBLL01$h1355
=CAT  \\$a5410$b40$c20191204$lBLL01$h1147
=CAT  \\$a15005$b40$c20200219$lBLL01$h1429
=CAT  \\$a15005$b40$c20200219$lBLL01$h1430
=CAT  \\$a8124$b40$c20200908$lBLL01$h1220
=CAT  \\$a14586$b40$c20210729$lBLL01$h1643
=CFI  0\$aCurrent copyright fee: zero$c5\1$e21-nov-2019$fGBP0.00$g0$hP$5Uk
=FFP  \\$aY$bBLDSS-3PM
=FIN  \\$aY$d20200908
=LET  \0$aClinical parkinsonism & related disorders (Electronic)
=MNI  \\$a2590-1125
=TOC  \\$aETOC
=LAS  \\$a14586$b40$c20210729$lBLL01$h1643

