=LDR  02239 as a22006137i 4500
=001  019620975
=003  Uk
=005  20200915144543.0
=006  m\\\\\\\\d\|\\\\\\
=007  cr\|||||||||||
=008  191112c20199999enk\x\p\o\\\\\0\\\a0eng\\
=FMT  \\$a  SE
=015  \\$aGBC0D7553$2bnb
=022  \\$a2589-7004
=037  \\$aISSN_25897004$bPortico$nElsevier
=040  \\$aUk$beng$cUk$erda
=042  \\$aukblsr
=082  04$a617.6005$223
=222  \0$aJournal of dentistry. X
=245  00$aJournal of dentistry.$pX.
=264  \1$aOxford :$bElsevier Ltd.,$c2019-
=300  \\$billustrations (colour)
=336  \\$atext$2rdacontent
=337  \\$acomputer$2rdamedia
=338  \\$aonline resource$2rdacarrier
=362  0\$aVolume 1 (July 2019)-
=500  \\$aTitle from PDF header (ScienceDirect, viewed September 15, 2020).
=580  \\$aOpen access companion journal to: Journal of dentistry.
=515  \\$aArticles added, as accepted, to current volume.
=588  \\$aLatest issue consulted: volume 3 (May 2020) (viewed September 15, 2020).
=540  \\$aCurrent copyright fee: zero$c5\1$5Uk
=650  \0$aDentistry$vPeriodicals.
=787  18$tJournal of dentistry$x1879-176X
=856  4\$31850-9999$uhttp://www.sciencedirect.com/$xBLDSS
=859  \\$aELD$bejournal
=852  41$aBritish Library$bHMNTS$jELD Digital store$3Issue 1(2019)-Issue 4(2020)
=945  \\$aJournal of dentistry X
=979  \\$aBritish Library$bDSC$j4968.755500N
=985  \\$aCatalogued via VPN, September 2020
=CAT  \\$a5552$b40$c20191122$lBLL01$h1353
=CAT  \\$aBLDSS-3PM$b00$c20191127$lBLL01$h1331
=CAT  \\$aBATCH-UPD$b00$c20191127$lBLL01$h1355
=CAT  \\$a5410$b40$c20191204$lBLL01$h1428
=CAT  \\$a15005$b40$c20200217$lBLL01$h1418
=CAT  \\$a15005$b40$c20200217$lBLL01$h1419
=CAT  \\$a8124$b40$c20200915$lBLL01$h1445
=CFI  0\$aCurrent copyright fee: zero$c5\1$e22-nov-2019$fGBP0.00$g0$hP$5Uk
=FFP  \\$aY$bBLDSS-3PM
=FIN  \\$aY$d20200915
=LET  \0$aJournal of dentistry. X (Electronic)
=LKR  \\$aPAR$b012433787$lBLL01$nJournal of dentistry (Online)$mJournal of dentistry. X$r78718
=MNI  \\$a2589-7004
=TOC  \\$aETOC
=LAS  \\$a8124$b40$c20200915$lBLL01$h1445

