=LDR  01511cas a22004335i 4500
=001  019641337
=003  Uk
=005  20230126161142.0
=006  m\\\\\|\\d\|\\\\\\
=007  cr\|||||||||||
=008  191209c\\\\9999\\\\\\p\o\\\\\0\\\a0eng\\
=FMT  \\$a  SE
=022  \\$a2641-6557
=037  \\$a???$bPortico$nWiley
=082  04$a612.8$221
=245  00$aNeuroscience Next
=336  \\$atext$2rdacontent
=337  \\$acomputer$2rdamedia
=338  \\$aonline resource$2rdacarrier
=540  \\$aCurrent Copyright Fee: zero$c35\0$5Uk
=859  \\$aELD$bejournal
=856  \\$31850-9999$uhttp://onlinelibrary.wiley.com/$xBLDSS
=852  41$aBritish Library$bHMNTS$jELD Digital store$3Content not received
=945  \\$aNeuroscience Next.
=979  \\$aBritish Library$bDSC$j6081.563300N
=985  \\$aELD accessioning record awaiting upgrade
=985  \\$aTitle announced as a new launch in 2019 but never published. Still a provisional record on ISSN portal. DC 26/01/23
=CAT  \\$a15020$b40$c20191209$lBLL01$h0929
=CAT  \\$a15020$b40$c20191209$lBLL01$h0933
=CAT  \\$a5552$b40$c20200114$lBLL01$h1340
=CAT  \\$aBLDSS-3PM$b00$c20200124$lBLL01$h0859
=CAT  \\$aBATCH-UPD$b00$c20200124$lBLL01$h0901
=CAT  \\$a5410$b40$c20200130$lBLL01$h0923
=CAT  \\$a10969$b40$c20230126$lBLL01$h1611
=CFI  0\$aCurrent Copyright Fee: zero$c35\0$e14-jan-2020$fGBP0.00$g0$hP$5Uk
=FFP  \\$aY$bBLDSS-3PM
=TOC  \\$aETOC
=UNO  \\$aY
=LAS  \\$a10969$b40$c20230126$lBLL01$h1611

