=LDR  04746cas a2201081 a 4500
=001  016272708
=003  Uk
=005  20221231145143.0
=006  m\\\\\\\\d\\\\\\\\
=007  cr\|||||||||||
=008  081124c20109999xxuqr\pso\\\\\0\\\a0eng\c
=FMT  \\$a  SE
=010  \\$a  2008214101
=015  \\$aGBB611659$2bnb
=022  0\$a1938-1964$y1938-1956$21
=035  \\$a(OCoLC)276291752$z(OCoLC)719926906
=037  \\$aISSN_19381956_21$bPortico$nTaylor & Francis
=040  \\$aNSD$beng$cNSD$dNSD$dDLC$dTXA$dWAU$dDLC$dLGG$dHEBIS$dOCLCF$dUk
=042  \\$aukblsr
=050  10$aISSN RECORD
=050  14$aRB155.5
=050  14$aRB155$b.C45
=082  04$a616.042$223
=210  0\$aChimerism$b(Online)
=222  \0$aChimerism$b(Online)
=245  00$aChimerism$h[electronic resource].
=260  \\$aAustin, TX :$bLandes Bioscience,$cc2010-
=264  31$a[United States] :$bTaylor & Francis, Taylor & Francis Group
=310  \\$aQuarterly
=336  \\$atext$2rdacontent
=337  \\$acomputer$2rdamedia
=338  \\$aonline resource$2rdacarrier
=362  1\$aBegan with: Vol. 1, issue 1 (July/Aug./Sept. 2010).
=590  \\$aRoute FAILED DSC EXTENDED searches to Records Team
=588  \\$aDescription based on: Vol. 1, issue 1 (July/Aug./Sept. 2010); title from PDF article running title (Landes Bioscience, viewed Apr. 6, 2011).
=588  \\$aLatest issue consulted: volume 5, issue 3-4 (2014) (Taylor & Francis Online, viewed January 20, 2016).
=540  \\$aCurrent copyright fee: GBP43.00$c2\0$5Uk
=650  \0$aChimerism$vPeriodicals.
=650  \0$aGenetic disorders$vPeriodicals.
=776  08$iAlso issued in print as:$tChimerism$x1938-1956
=710  2\$aLandes Bioscience.
=859  \\$aELD$bejournal
=856  \\$31850-9999$uhttp://www.tandfonline.com/$xBLDSS
=852  41$aBritish Library$bSTI$jELD Digital store$3Previous issues available in print copy
=945  \\$aChimerism
=979  \\$aBritish Library$bDSC$j3172.997400N
=CAT  \\$a5552$b40$c20130208$lBLL01$h1419
=CAT  \\$a8464$b40$c20151217$lBLL01$h1501
=CAT  \\$aIPL-CLA$c20151231$lBLL01$h1935
=CAT  \\$a5997$b40$c20160120$lBLL01$h1148
=CAT  \\$a8478$b40$c20160204$lBLL01$h1420
=CAT  \\$a5552$b40$c20160301$lBLL01$h0904
=CAT  \\$aIPL-CLA$c20160331$lBLL01$h1811
=CAT  \\$aBATCH-UPD$b00$c20160413$lBLL01$h1826
=CAT  \\$aBATCH-UPD$b00$c20160829$lBLL01$h0432
=CAT  \\$aBATCH-UPD$b00$c20161122$lBLL01$h1506
=CAT  \\$aIPL-CLA$c20161231$lBLL01$h0009
=CAT  \\$a5552$b40$c20170531$lBLL01$h1100
=CAT  \\$a5552$b40$c20171102$lBLL01$h0825
=CAT  \\$aBLDSS-3PM$b00$c20171110$lBLL01$h1600
=CAT  \\$aBATCH-UPD$b00$c20171110$lBLL01$h1620
=CAT  \\$aBATCH-UPD$b00$c20171121$lBLL01$h1656
=CAT  \\$aW1711-1005$c20171206$lBLL01$h1825
=CAT  \\$aIPL-CLA$c20171231$lBLL01$h1817
=CAT  \\$aBATCH-UPD$b00$c20181217$lBLL01$h1645
=CAT  \\$aIPL-CLA$c20181231$lBLL01$h1552
=CAT  \\$aBATCH-UPD$b00$c20191122$lBLL01$h1907
=CAT  \\$aIPL-CLA$c20191231$lBLL01$h2034
=CAT  \\$aBATCH-UPD$b00$c20201118$lBLL01$h1341
=CAT  \\$aIPL-CLA$c20201231$lBLL01$h1532
=CAT  \\$aBATCH-UPD$b00$c20221121$lBLL01$h1340
=CAT  \\$aIPL-CLA$c20221231$lBLL01$h1451
=CFI  0\$aCurrent copyright fee: GBP43.00$c2\0$e01-jan-2023$fGBP43.00$g0$hP$5Uk
=CFI  2\$aPrevious copyright fee: GBP41.00$c2\0$e01-jan-2021$fGBP41.00$g0$hP$5Uk
=FFP  \\$aY$bBLDSS-3PM
=FIN  \\$aY$d20160120
=LET  \0$aChimerism (Electronic)
=MNI  \\$a1938-1956
=SID  \\$aZ39$bOCLC
=ACF  \\$aPrevious copyright fee: GBP9.38$c84\0$e08-feb-2013$fGBP9.38$g0$hP$5Uk
=ACF  \\$aPrevious copyright fee: GBP9.68$c84\0$e01-jul-2013$fGBP9.68$g0$hP$5Uk
=ACF  \\$aPrevious copyright fee: GBP9.38$c84\0$e01-jan-2014$fGBP9.38$g0$hP$5Uk
=ACF  \\$aPrevious copyright fee: GBP9.09$c84\0$e01-jul-2014$fGBP9.09$g0$hP$5Uk
=ACF  \\$aPrevious copyright fee: GBP30.00$c2\0$e01-jan-2015$fGBP30.00$g0$hP$5Uk
=ACF  \\$aPrevious copyright fee: GBP34.00$c2\0$e01-jan-2016$fGBP34.00$g0$hP$5Uk
=ACF  \\$aPrevious copyright fee: GBP15.00$c0$e31-may-2017$fGBP15.00$g0$hA$5Uk
=ACF  \\$aPrevious copyright fee: GBP33.00$c2\0$e01-jan-2017$fGBP33.00$g0$hP$5Uk
=ACF  \\$aPrevious copyright fee: GBP31.00$c2\0$e01-apr-2016$fGBP31.00$g0$hP$5Uk
=ACF  \\$aPrevious Copyright Fee: GBP33.00$c2\0$e02-nov-2017$fGBP33.00$g0$hP$5Uk
=ACF  \\$aPrevious copyright fee: GBP35.00$c2\0$e01-jan-2018$fGBP35.00$g0$hP$5Uk
=ACF  \\$aPrevious copyright fee: GBP37.00$c2\0$e01-jan-2019$fGBP37.00$g0$hP$5Uk
=ACF  \\$aPrevious copyright fee: GBP39.00$c2\0$e01-jan-2020$fGBP39.00$g0$hP$5Uk
=LAS  \\$aIPL-CLA$b00$c20221231$lBLL01$h1451

