=LDR  02706 as a22007098i 4500
=001  016282341
=003  Uk
=005  20180816083955.0
=006  m\\\\\\\\d\|\\\\\\
=007  cr||||||||||||
=008  130221c20149999enkbr\p\o\\\\\0\\\a0eng\\
=FMT  \\$a  SE
=022  0\$a2052-1952$202
=037  \\$aISSN_20521944$bPortico$nEmerald
=040  \\$aUk$beng$cUk$erda
=222  \0$aJournal of behavioral strategy$b(Online)
=245  00$aJournal of behavioral strategy.
=263  \\$a201412
=264  \1$aBingley :$bEmerald Group Publishing Limited,$c2014-
=310  \\$aBimonthly
=336  \\$atext$2rdacontent
=337  \\$acomputer$2rdamedia
=338  \\$aonline resource$2rdacarrier
=540  \\$aCurrent copyright fee: GBP30.00$c25\0$5Uk
=776  08$iAlso issued in print as:$tJournal of behavioral strategy$x2052-1944
=787  0\$tBusiness Strategy Series
=859  \\$aELD$bejournal
=856  \\$31850-9999$uhttp://www.emeraldinsight.com/$xBLDSS
=852  41$aBritish Library$bSTI$jELD Digital store$3Content not received
=945  \\$aJournal of behavioral strategy.
=979  \\$aBritish Library$bDSC$j4951.277700N
=CAT  \\$a7152$b40$c20130221$lBLL01$h1622
=CAT  \\$a11316$b40$c20130308$lBLL01$h0940
=CAT  \\$a5552$b40$c20131115$lBLL01$h0859
=CAT  \\$a8411$b40$c20140620$lBLL01$h1152
=CAT  \\$a8411$b40$c20140620$lBLL01$h1153
=CAT  \\$a8411$b40$c20140620$lBLL01$h1210
=CAT  \\$a8411$b40$c20140620$lBLL01$h1213
=CAT  \\$a8411$b40$c20140620$lBLL01$h1215
=CAT  \\$a8411$b40$c20140620$lBLL01$h1326
=CAT  \\$a8411$b40$c20140620$lBLL01$h1328
=CAT  \\$a8411$b40$c20140620$lBLL01$h1405
=CAT  \\$a8411$b40$c20140708$lBLL01$h1036
=CAT  \\$a11130$b40$c20140708$lBLL01$h1615
=CAT  \\$aBLDSS-3PM$b00$c20141121$lBLL01$h1853
=CAT  \\$aBATCH-UPD$b00$c20151109$lBLL01$h1748
=CAT  \\$aIPL-CLA$c20151109$lBLL01$h1813
=CAT  \\$aBATCH-UPD$b00$c20160413$lBLL01$h1826
=CAT  \\$aBATCH-UPD$b00$c20160524$lBLL01$h2215
=CAT  \\$aBATCH-UPD$b00$c20160525$lBLL01$h0055
=CAT  \\$a5552$b40$c20170425$lBLL01$h0842
=CAT  \\$aW1711-1005$c20171206$lBLL01$h1825
=CAT  \\$a8874$b40$c20180816$lBLL01$h0839
=CFI  0\$aCurrent copyright fee: GBP30.00$c25\0$e09-nov-2015$fGBP30.00$g0$hP$5Uk
=CFI  2\$aPrevious copyright fee: GBP20.00$c25\0$e15-nov-2013$fGBP20.00$g0$hP$5Uk
=FFP  \\$aY$bBLDSS-3PM
=LET  \0$aJournal of behavioral strategy (Electronic)
=LKR  \\$aPAR$b013478174$lBLL01$r78700$mJournal of behavioral strategy (Online)$nBusiness strategy series (Online)
=MNI  \\$a2052-1944
=TOC  \\$aETOC
=UNO  \\$aY
=LAS  \\$a8874$b40$c20180816$lBLL01$h0839

