=LDR  03716cas a2200901 i 4500
=001  016324417
=003  Uk
=005  20230930081029.0
=006  m\\\\\|\\d\|\\\\\\
=007  cr\|||||||||||
=008  130423c20129999enk\x\p\o\\\\\0\\\a0eng\\
=FMT  \\$a  SE
=015  \\$aGBB348000$2bnb
=022  \\$a2155-6660
=037  \\$aISSN_21556660$bPortico$nInforma Healthcare
=037  \\$aISSN_21556660_21$bPortico$nTaylor & Francis
=040  \\$aUk$beng$cUk$dUk$erda
=042  \\$aukblsr
=082  04$a615.1901$223
=130  0\$aJournal of drug assessment (London, England)
=210  0\$aJ. drug assess.$b(Lond., U.K.)
=222  \0$aJournal of drug assessment$b(London, U.K.)
=245  10$aJournal of drug assessment.
=246  3\$aJDA
=264  \1$a[London] :$bInforma Healthcare,$c2011-
=264  31$3<2016>-$a[Great Britain] :$bInforma UK Limited, trading as Taylor & Francis Group
=336  \\$atext$2rdacontent
=337  \\$acomputer$2rdamedia
=338  \\$aonline resource$2rdacarrier
=362  1\$aBegan with vol. 1 (2012), published December 2011.
=500  \\$aTitle from html header, home page (publisher's Web site, viewed May 15, 2013).
=515  \\$aArticles added consecutively to current annual volume.
=588  \\$aLatest issue consulted: vol. 5, issue 1 (2016) (Taylor & Francis online, viewed September 27, 2016).
=540  \\$aCurrent copyright fee: zero$c2\0$5Uk
=650  \0$aDrugs$xTesting$vPeriodicals.
=859  \\$aELD$bejournal
=856  \\$31850-9999$uhttp://www.tandfonline.com/$xBLDSS
=852  41$aBritish Library$bHMNTS$jELD Digital store$3Volume 2(2013)-Volume 12:Issue 1(2023)
=945  \\$aJournal of drug assessment.
=979  \\$aBritish Library$cDSC$j4970.525000
=CAT  \\$a10983$b40$c20130423$lBLL01$h1443
=CAT  \\$aWR13.114$c20130717$lBLL01$h1315
=CAT  \\$aBATCH-PORT$c20130829$lBLL01$h1114
=CAT  \\$aWR14_009$c20140204$lBLL01$h2347
=CAT  \\$aBATCH-CLA$b00$c20140829$lBLL01$h1544
=CAT  \\$aIPL-CLA$c20140930$lBLL01$h1638
=CAT  \\$aBATCH-CLA$b00$c20141128$lBLL01$h0926
=CAT  \\$aIPL-CLA$c20141231$lBLL01$h1704
=CAT  \\$a5552$b40$c20150209$lBLL01$h1431
=CAT  \\$aIPL-CLA$c20150331$lBLL01$h1723
=CAT  \\$aBLDSS-3PM$b00$c20150522$lBLL01$h1544
=CAT  \\$aBATCH-UPD$b00$c20160413$lBLL01$h1826
=CAT  \\$aBATCH-UPD$b00$c20160624$lBLL01$h1225
=CAT  \\$a10983$b40$c20160926$lBLL01$h1025
=CAT  \\$a3072$b40$c20160927$lBLL01$h1121
=CAT  \\$a8874$b40$c20161014$lBLL01$h1518
=CAT  \\$a5552$b40$c20170421$lBLL01$h1110
=CAT  \\$aW1711-1005$c20171206$lBLL01$h1825
=CAT  \\$a8055$b40$c20221222$lBLL01$h1153
=CAT  \\$aIPL-CLA$c20221231$lBLL01$h1451
=CAT  \\$aDEL-3PM$c20230116$lBLL01$h0957
=CAT  \\$a12654$b40$c20230524$lBLL01$h0725
=CAT  \\$aBLDSS-3PM$b00$c20230530$lBLL01$h1146
=CAT  \\$aBATCH-UPD$b00$c20230530$lBLL01$h1146
=CAT  \\$aR2308-1440$c20230824$lBLL01$h0930
=CAT  \\$aIPL-CLA$c20230930$lBLL01$h0810
=CFI  0\$aCurrent copyright fee: zero$c2\0$e01-oct-2023$fGBP0.00$g0$hP$5Uk
=CFI  2\$aPrevious copyright fee: zero$c45\0$e24-may-2023$fGBP0.00$g0$hP$5Uk
=FFP  \\$aY$bBLDSS-3PM
=FIN  \\$aY$d20130515
=LET  \0$aJournal of drug assessment (Electronic)
=MNI  \\$a2155-6660
=TOC  \\$aETOC
=ACF  \\$aPrevious Copyright Fee: GBP50.00$c0$e01-oct-2014$fGBP50.00$g0$hC$5Uk
=ACF  \\$aPrevious Copyright Fee: GBP57.00$c0$e01-jan-2015$fGBP57.00$g0$hC$5Uk
=ACF  \\$aPrevious copyright fee: GBP25.00$c0$e01-jan-2023$fGBP25.00$g0$hA$5Uk
=ACF  \\$aPrevious copyright fee: zero$c45\0$e01-apr-2015$fGBP0.00$g0$hP$5Uk
=LAS  \\$aIPL-CLA$b00$c20230930$lBLL01$h0810

