=LDR  03215cas a2200829 i 4500
=001  016415856
=003  Uk
=005  20220726122109.0
=006  m\\\\\|\\d\|\\\\\\
=007  cr\|||||||||||
=008  130521c19939999xxumr\p\o\\\\\0\\\a0eng\\
=FMT  \\$a  SE
=015  \\$aGBB352672$2bnb
=022  \\$a2325-8624
=037  \\$aISSN_10709061$bPortico$nWiley
=040  \\$aUk$beng$cUk$erda
=042  \\$aukblsr
=082  04$a361.70681$223
=245  00$aSuccessful fund raising.
=246  1\$iWeb site list title:$aSuccessful fundraising
=260  \\$aSioux City, IA :$bStevenson Consultants
=264  31$a[Malden, MA] :$bJohn Wiley & Sons, Inc
=310  \\$aMonthly
=336  \\$atext$2rdacontent
=337  \\$acomputer$2rdamedia
=338  \\$aonline resource$2rdacarrier
=362  1\$aPrint began with vol. 1, no. 1 (Jan. 1993).
=588  \\$aDescription based on print version record.
=588  \\$aLatest issue consulted: volume 21, issue 6 (June 2013) (Wiley Online Library, viewed June 3, 2013).
=540  \\$aCurrent Copyright Fee: GBP32.00$c35\0$5Uk
=650  \0$aFund raising$vPeriodicals.
=690  7\$aSocial Welfare$2blcoll
=776  08$iAlso issued in print as:$tSuccesssful find raising$x1070-9061
=859  \\$aELD$bejournal
=856  \\$31850-9999$uhttp://onlinelibrary.wiley.com/$xBLDSS
=852  41$aBritish Library$bHMNTS$jELD Digital store$3Volume 21:Number 5(2013:May)-
=945  \\$aSuccesssful find raising.
=979  \\$aBritish Library$bDSC$j8504.055000N
=985  \\$aELD accessioning record upgraded, 3/6/13.
=CAT  \\$a11433$b40$c20130521$lBLL01$h1627
=CAT  \\$a5997$b40$c20130603$lBLL01$h1146
=CAT  \\$aBATCH-SWP$c20130608$lBLL01$h0109
=CAT  \\$aWR13.114$c20130717$lBLL01$h1315
=CAT  \\$aBATCH-PORT$c20130829$lBLL01$h1114
=CAT  \\$aBATCH-CLA$b00$c20130830$lBLL01$h1631
=CAT  \\$aIPL-CLA$c20130930$lBLL01$h1817
=CAT  \\$aBATCH-CLA$b00$c20131129$lBLL01$h1704
=CAT  \\$aIPL-CLA$c20140101$lBLL01$h0211
=CAT  \\$aWR14_009$c20140204$lBLL01$h2343
=CAT  \\$aBATCH-CLA$b00$c20141128$lBLL01$h0931
=CAT  \\$aIPL-CLA$c20141231$lBLL01$h1704
=CAT  \\$aBATCH-CLA$b00$c20150828$lBLL01$h1543
=CAT  \\$aIPL-CLA$c20150930$lBLL01$h1848
=CAT  \\$aW1711-1005$c20171206$lBLL01$h1825
=CAT  \\$a5552$b40$c20190318$lBLL01$h1358
=CAT  \\$aBLDSS-3PM$b00$c20190402$lBLL01$h0930
=CAT  \\$aBATCH-UPD$b00$c20190402$lBLL01$h0938
=CAT  \\$aR1911-0245$c20191127$lBLL01$h0823
=CAT  \\$aR1911-0245$c20191127$lBLL01$h1045
=CAT  \\$aIPL-CLA$c20191231$lBLL01$h2034
=CAT  \\$a8055$b40$c20220726$lBLL01$h1220
=CAT  \\$a8055$b40$c20220726$lBLL01$h1221
=CFI  0\$aCurrent Copyright Fee: GBP32.00$c35\0$e01-jan-2020$fGBP32.00$g0$hP$5Uk
=CFI  2\$aPrevious copyright fee: GBP28.00$c35\0$e18-mar-2019$fGBP28.00$g0$hP$5Uk
=FFP  \\$aY$bBLDSS-3PM
=FIN  \\$aY$d20130603
=MNI  \\$a1070-9061
=TOC  \\$aETOC
=UNO  \\$aY
=ACF  \\$aBritish Library not licensed to copy$c0$e01-oct-2013$hC$iCFP Excluded$5Uk
=ACF  \\$aBritish Library not licensed to copy$c0$e01-jan-2014$hC$iCFP Excluded$5Uk
=LAS  \\$a8055$b40$c20220726$lBLL01$h1221

