=LDR  04385cas a2200997 i 4500
=001  017619995
=003  Uk
=005  20221231145347.0
=006  m\\\\\o\\d\\\\\\\\
=007  cr\|||||||||||
=008  120305c20139999enktr\p\o\\\\\0\\\a0eng\\
=FMT  \\$a  SE
=010  \\$a  2012201251
=015  \\$aGBB5H0059$2bnb
=022  0\$a2166-2649
=035  \\$a(OCoLC)779178345
=037  \\$aISSN_21662630_21$bPortico$nTaylor & Francis
=040  \\$aDLC$beng$cDLC$dOCLCQ$dUWW$dOCLCF$dOCLCO$dDLC$dUk$erda
=042  \\$aukblsr
=050  10$aISSN RECORD
=082  10$a616.8526005$223
=130  0\$aAdvances in eating disorders (Abingdon, England)
=210  0\$aAdv. eat. disord.$b(Abingdon. Online)
=222  \0$aAdvances in eating disorders$b(Abingdon. Online)
=245  10$aAdvances in eating disorders.
=264  \1$aAbingdon, Oxfordshire, UK :$bTaylor & Francis,$c[2013-]
=310  \\$aThree times a year
=336  \\$atext$2rdacontent
=337  \\$acomputer$2rdamedia
=338  \\$aonline resource$2rdacarrier
=362  1\$aBegan with:Volume 1, issue 1 (2013).
=500  \\$a"Theory, research, and practice."
=588  \\$aDescription based on: Volume 1, issue 1 (2013); title from caption (tandfonline.com viewed Sept. 11, 2014).
=588  \\$aLatest issue consulted: Volume 3, issue 3 (2015) (Taylor & Francis Online, viewed November 27, 2015).
=540  \\$aCurrent copyright fee: GBP43.00$c2\0$5Uk
=650  \0$aEating disorders$vPeriodicals.
=650  \7$aEating disorders.$2fast$0(OCoLC)fst00901199
=655  \7$aPeriodicals.$2fast$0(OCoLC)fst01411641
=776  08$iPrint version:$tAdvances in eating disorders (Abingdon, England )$x2166-2630
=859  \\$aELD$bejournal
=856  \\$31850-9999$uhttp://www.tandfonline.com/$xBLDSS
=852  41$aBritish Library$bSTI$jELD Digital store$3Volume 4:Number 1(2016)-Volume 4:Number 3(2016)***Previous issues available in print copy
=945  \\$aAdvances in eating disorders-Abingdon-
=979  \\$aBritish Library$cDSC$j0704.460000N
=CAT  \\$a11296$b40$c20151118$lBLL01$h1114
=CAT  \\$aWR15058$c20151230$lBLL01$h1442
=CAT  \\$a5552$b40$c20160119$lBLL01$h0843
=CAT  \\$a8037$b40$c20160120$lBLL01$h1427
=CAT  \\$aBLDSS-3PM$b00$c20160201$lBLL01$h1812
=CAT  \\$aBATCH-UPD$b00$c20160413$lBLL01$h1829
=CAT  \\$aBATCH-UPD$b00$c20160526$lBLL01$h0552
=CAT  \\$a5552$b40$c20160930$lBLL01$h1500
=CAT  \\$aBATCH-UPD$b40$c20161122$lBLL01$h1515
=CAT  \\$aIPL-CLA$c20161231$lBLL01$h0024
=CAT  \\$a5552$b40$c20170531$lBLL01$h1054
=CAT  \\$a5410$b40$c20171108$lBLL01$h1533
=CAT  \\$aW1711-1005$c20171206$lBLL01$h1828
=CAT  \\$aBATCH-CLA$b00$c20171222$lBLL01$h2220
=CAT  \\$aIPL-CLA$c20171231$lBLL01$h1830
=CAT  \\$a5552$b40$c20180514$lBLL01$h1534
=CAT  \\$aBLDSS-3PM$b00$c20180521$lBLL01$h1126
=CAT  \\$aBATCH-UPD$b00$c20180521$lBLL01$h1127
=CAT  \\$aBATCH-UPD$b00$c20181217$lBLL01$h1646
=CAT  \\$aIPL-CLA$c20181231$lBLL01$h1555
=CAT  \\$aBATCH-UPD$b00$c20191122$lBLL01$h1908
=CAT  \\$aIPL-CLA$c20191231$lBLL01$h2042
=CAT  \\$aBATCH-UPD$b00$c20201118$lBLL01$h1342
=CAT  \\$aIPL-CLA$c20201231$lBLL01$h1533
=CAT  \\$aBATCH-UPD$b00$c20221121$lBLL01$h1341
=CAT  \\$aIPL-CLA$c20221231$lBLL01$h1453
=CFI  0\$aCurrent copyright fee: GBP43.00$c2\0$e01-jan-2023$fGBP43.00$g0$hP$5Uk
=CFI  2\$aPrevious copyright fee: GBP41.00$c2\0$e01-jan-2021$fGBP41.00$g0$hP$5Uk
=FFP  \\$aY$bBLDSS-3PM
=FIN  \\$aY$d20151127
=LKR  \\$aPAR$b016476141$lBLL01$r776$mAdvances in eating disorders (Online)$nAdvances in eating disorders (Print)
=MNI  \\$a2166-2630
=SID  \\$aZ39$bOCLC
=TOC  \\$aETOC
=ACF  \\$aPrevious copyright fee: GBP28.00$c2\0$e01-jan-2017$fGBP28.00$g0$hP$5Uk
=ACF  \\$aPrevious copyright fee: GBP26.00$c2\0$e19-jan-2016$fGBP26.00$g0$hP$5Uk
=ACF  \\$aPrevious Copyright Fee: GBP17.50$c0$e01-jan-2018$fGBP17.50$g0$hA$5Uk
=ACF  \\$aPrevious copyright fee: GBP15.00$c0$e31-may-2017$fGBP15.00$g0$hA$5Uk
=ACF  \\$aPrevious Copyright Fee: GBP35.00$c2\0$e14-may-2018$fGBP35.00$g0$hP$5Uk
=ACF  \\$aPrevious copyright fee: GBP37.00$c2\0$e01-jan-2019$fGBP37.00$g0$hP$5Uk
=ACF  \\$aPrevious copyright fee: GBP39.00$c2\0$e01-jan-2020$fGBP39.00$g0$hP$5Uk
=LAS  \\$aIPL-CLA$b00$c20221231$lBLL01$h1453

