=LDR  04063cas a2200985 a 4500
=001  017649862
=003  Uk
=005  20230511163117.0
=006  m\\\\\o\\d\\\\\\\\
=007  cr\|||||||||||
=008  081124c20099999xxuar\pso\\\\\0\\\a0eng\c
=FMT  \\$a  SE
=010  \\$a  2008214103
=015  \\$aGBB5H2599$2bnb
=016  7\$a2540047-2$2DE-600
=022  0\$a1938-1980$l1938-1980$y1938-1972$21
=035  \\$a(OCoLC)276291761$z(OCoLC)858833642
=037  \\$aISSN_19381972_21$bPortico$nTaylor & Francis
=040  \\$aNSD$beng$cNSD$dNSD$dDLC$dHEBIS$dTXA$dOCLCQ$dOCLCF$dVT2$dUk
=042  \\$aukblsr
=050  14$aRL1$b.D37
=082  04$a616.5$223
=130  0\$aDermato-endocrinology (Online)
=210  0\$aDermato-endocrinol.$b(Online)
=222  \0$aDermato-endocrinology$b(Online)
=245  10$aDermato-endocrinology$h[electronic resource].
=260  \\$aAustin, TX :$bLandes Bioscience,$cc2009-
=264  31$a[United States] :$bTaylor & Francis Group, LLC
=310  \\$aAnnual
=321  \\$aBimonthly
=336  \\$atext$2rdacontent
=337  \\$acomputer$2rdamedia
=338  \\$aonline resource$2rdacarrier
=362  1\$aBegan with: Vol. 1, issue 1 (Jan./Feb. 2009).
=588  \\$aDescription based on: Vol. 1, issue 1 (Jan./Feb. 2009); title from PDF article running title (Landes Bioscience website, viewed June 8, 2010).
=588  \\$aLatest issue consulted: volume 7, issue 1 (2015) (Taylor & Francis Online, viewed December 7, 2015).
=540  \\$aCurrent copyright fee: zero$c2\0$5Uk
=650  \0$aSkin$xDiseases$vPeriodicals.
=650  12$aSkin Diseases$vPeriodicals.
=650  22$aSkin$vPeriodicals.
=650  22$aEndocrine System$xphysiopathology$vPeriodicals.
=650  \7$aSkin$xDiseases.$2fast$0(OCoLC)fst01120068
=655  \7$aPeriodicals.$2fast$0(OCoLC)fst01411641
=655  \0$aElectronic journals.
=776  08$iAlso issued in print as:$tDermato-endocrinology$x1938-1972
=859  \\$aELD$bejournal
=856  \\$31850-9999$uhttp://www.tandfonline.com/$xBLDSS
=852  41$aBritish Library$bSTI$jELD Digital store$3Volume 8:Issue 1(2016)-Volume 10:Issue 1(2018)
=945  \\$aDermatoendocrinology -Landes Bioscience-
=979  \\$aBritish Library$bDSC$j3554.998000N
=985  \\$aNo LKR to print version, not held.
=CAT  \\$a11205$b40$c20151207$lBLL01$h1045
=CAT  \\$a8464$b40$c20151231$lBLL01$h1324
=CAT  \\$a5552$b40$c20160118$lBLL01$h1401
=CAT  \\$aBLDSS-3PM$b00$c20160201$lBLL01$h1812
=CAT  \\$a8464$b40$c20160203$lBLL01$h1219
=CAT  \\$a5552$b40$c20160304$lBLL01$h0918
=CAT  \\$aBATCH-UPD$b40$c20160413$lBLL01$h1829
=CAT  \\$aBATCH-UPD$b40$c20160605$lBLL01$h0939
=CAT  \\$a5552$b40$c20170130$lBLL01$h1140
=CAT  \\$aBATCH-UPD$b40$c20171121$lBLL01$h1640
=CAT  \\$aW1711-1005$c20171206$lBLL01$h1828
=CAT  \\$aIPL-CLA$c20171231$lBLL01$h1830
=CAT  \\$aBATCH-UPD$b00$c20181217$lBLL01$h1648
=CAT  \\$aIPL-CLA$c20181231$lBLL01$h1555
=CAT  \\$a5552$b40$c20190211$lBLL01$h1345
=CAT  \\$a5552$b40$c20190211$lBLL01$h1555
=CAT  \\$aBLDSS-3PM$b00$c20190305$lBLL01$h1644
=CAT  \\$aBATCH-UPD$b00$c20190305$lBLL01$h1645
=CAT  \\$a5552$b40$c20190322$lBLL01$h0848
=CAT  \\$a5552$b40$c20200916$lBLL01$h0839
=CAT  \\$aBATCH-FIX$c20230511$lBLL01$h1631
=CFI  0\$aCurrent Copyright Fee: zero$c2\0$e11-feb-2019$fGBP0.00$g0$hP$5Uk
=CFI  2\$aPrevious copyright fee: GBP40.00$c2\0$e01-jan-2019$fGBP40.00$g0$hP$5Uk
=FFP  \\$aY$bBLDSS-3PM
=FIN  \\$aY$d20151207
=LET  \0$aDermato-endocrinology (Electronic)
=MNI  \\$a1938-1972
=SID  \\$aZ39$bOCLC
=TOC  \\$aETOC
=ACF  \\$aPrevious copyright fee: GBP38.00$c2\0$e01-jan-2018$fGBP38.00$g0$hP$5Uk
=ACF  \\$aPrevious copyright fee: zero$c2\0$e04-mar-2016$fGBP0.00$g0$hP$5Uk
=ACF  \\$aPrevious copyright fee: GBP34.00$c2\0$e18-jan-2016$fGBP34.00$g0$hP$5Uk
=ACF  \\$aPrevious copyright fee: GBP36.00$c2\0$e01-jan-2017$fGBP36.00$g0$hP$5Uk
=LAS  \\$aBATCH-FIX$b00$c20230511$lBLL01$h1631

