=LDR  01570cas a22004577i 4500
=001  017703061
=003  Uk
=005  20230426111116.0
=006  m\\\\\|\\d\|\\\\\\
=007  cr\|||||||||||
=008  160112c\\\\9999\\\\\\p\o\\\\\0\\\a0eng\\
=FMT  \\$a  SE
=022  \\$a1347-6947
=037  \\$a???$bPortico$nTaylor & Francis
=245  00$aAgricultural and biological chemistry.
=264  \1$bTaylor & Francis
=336  \\$atext$2rdacontent
=337  \\$acomputer$2rdamedia
=338  \\$aonline resource$2rdacarrier
=540  \\$aCurrent Copyright Fee: GBP64.00$c29\0$5Uk
=859  \\$aELD$bejournal
=856  \\$31850-9999$uhttp://www.oxfordjournals.org/$xBLDSS
=852  41$aBritish Library$bHMNTS$jELD Digital store
=CAT  \\$a8478$b40$c20160112$lBLL01$h1059
=CAT  \\$a8478$b40$c20160112$lBLL01$h1102
=CAT  \\$a10806$b40$c20170921$lBLL01$h1152
=CAT  \\$aW1711-1005$c20171206$lBLL01$h1829
=CAT  \\$aS2302-1302$c20230322$lBLL01$h1707
=CAT  \\$aS2302-1302$c20230322$lBLL01$h1708
=CAT  \\$aS2302-1302$c20230323$lBLL01$h1444
=CAT  \\$aIPL-CLA$c20230331$lBLL01$h1547
=CAT  \\$aBLDSS-3PM$b00$c20230403$lBLL01$h1210
=CAT  \\$aBATCH-UPD$b00$c20230403$lBLL01$h1211
=CAT  \\$aBATCH-UNOA$c20230405$lBLL01$h0021
=CAT  \\$aS2304-0519$c20230412$lBLL01$h1141
=CAT  \\$aBATCH-SUPP$c20230426$lBLL01$h1111
=CFI  0\$aCurrent Copyright Fee: GBP64.00$c29\0$e01-apr-2023$fGBP64.00$g0$hP$5Uk
=FFP  \\$aY$bBLDSS-3PM
=MNI  \\$a0916-8451
=UNO  \\$aY
=LAS  \\$aBATCH-SUPP$b00$c20230426$lBLL01$h1111

