=LDR  04673cas a2201033 i 4500
=001  017713977
=003  Uk
=005  20221231145404.0
=006  m\\\\\o\\d\\\\\\\\
=007  cr\|||||||||||
=008  090107c19979999enkbr\poo\\\\\0\\\a0eng\d
=FMT  \\$a  SE
=015  \\$aGBB611732$2bnb
=022  \\$a0974-780X
=035  \\$a(OCoLC)297299067
=037  \\$aISSN_03772063_21$bPortico$nTaylor & Francis
=040  \\$aOCLCE$beng$cOCLCE$dOCL$dOCLCQ$dOCLCF$dOCLCO$dTXA$dOCLCO$dUk$erda$epn
=042  \\$aukblsr
=050  \4$aTK7800$b.I2345
=082  04$a621.38$223
=222  \0$aIETE journal of research$b(Online)
=245  00$aIETE journal of research.
=264  \1$a[New Delhi] :$b[Institution of Electronics and Telecommunication Engineers],$c[1997]-
=264  31$aAbingdon :$bTaylor & Francis
=300  \\$a1 online resource
=310  \\$aBimonthly
=336  \\$atext$2rdacontent
=337  \\$acomputer$2rdamedia
=338  \\$aonline resource$2rdacarrier
=362  1\$aBegan with: Vol. [43], no. 1 (1997).
=510  0\$aChemical abstracts,$x0009-2258
=515  \\$aIssue for Jan.-Feb. 1997 called v. 1, no. 1, but constitutes v. 43, no. 1, continuing numbering of previous publication.
=515  \\$aSome numbers issued in combined form.
=550  \\$aPublished by the Institution of Electronics and Telecommunication Engineers (IETE), India.
=588  \\$aDescription based on: Vol. [43], no. 1 (1997); title from PDF article running title (Taylor & Francis, viewed September 11, 2015).
=588  \\$aLatest issue consulted: volume 61, issue 6 (2015) (Taylor & Francis, viewed January 21, 2016).
=540  \\$aCurrent copyright fee: GBP43.00$c2\0$5Uk
=650  \0$aElectronics$vPeriodicals.
=650  \0$aTelecommunication$vPeriodicals.
=650  \7$aElectronics.$2fast$0(OCoLC)fst00907538
=650  \7$aTelecommunication.$2fast$0(OCoLC)fst01145830
=655  \7$aPeriodicals.$2fast$0(OCoLC)fst01411641
=710  2\$aInstitution of Electronics and Telecommunication Engineers (India),$eissuing body.
=776  08$iPrint version:$tIETE journal of research$x0377-2063
=780  00$tJournal of the Institution of Electronics and Telecommunication Engineers
=856  \\$31850-9999$uhttp://www.tandfonline.com/$xBLDSS
=859  \\$aELD$bejournal
=852  41$aBritish Library$bHMNTS$jELD Digital store$3Volume 62:Issue 1(2016)-***Previous issues available in print copy
=945  \\$aIETE JOURNAL OF RESEARCH.
=979  \\$aBritish Library$bDSC$j4363.253900
=CAT  \\$a5110$b40$c20160121$lBLL01$h1042
=CAT  \\$a8478$b40$c20160126$lBLL01$h1115
=CAT  \\$a5552$b40$c20160127$lBLL01$h0901
=CAT  \\$aBLDSS-3PM$b00$c20160201$lBLL01$h1812
=CAT  \\$a8037$b40$c20160208$lBLL01$h0746
=CAT  \\$a5552$b40$c20160302$lBLL01$h1129
=CAT  \\$aWR16_048$c20160322$lBLL01$h1614
=CAT  \\$aIPL-CLA$c20160331$lBLL01$h1821
=CAT  \\$aBATCH-UPD$b00$c20160413$lBLL01$h1830
=CAT  \\$aBATCH-UPD$b00$c20160525$lBLL01$h1724
=CAT  \\$aBATCH-UPD$b00$c20161122$lBLL01$h1507
=CAT  \\$aIPL-CLA$c20161231$lBLL01$h0025
=CAT  \\$a5552$b40$c20170125$lBLL01$h1554
=CAT  \\$aBATCH-UPD$b40$c20171121$lBLL01$h1657
=CAT  \\$aW1711-1005$c20171206$lBLL01$h1829
=CAT  \\$aIPL-CLA$c20171231$lBLL01$h1831
=CAT  \\$aBATCH-UPD$b00$c20181217$lBLL01$h1646
=CAT  \\$aIPL-CLA$c20181231$lBLL01$h1555
=CAT  \\$aBATCH-UPD$b00$c20191122$lBLL01$h1908
=CAT  \\$aIPL-CLA$c20191231$lBLL01$h2042
=CAT  \\$aBATCH-UPD$b00$c20201118$lBLL01$h1342
=CAT  \\$aIPL-CLA$c20201231$lBLL01$h1533
=CAT  \\$aBATCH-UPD$b00$c20221121$lBLL01$h1341
=CAT  \\$aIPL-CLA$c20221231$lBLL01$h1454
=CFI  0\$aCurrent copyright fee: GBP43.00$c2\0$e01-jan-2023$fGBP43.00$g0$hP$5Uk
=CFI  2\$aPrevious copyright fee: GBP41.00$c2\0$e01-jan-2021$fGBP41.00$g0$hP$5Uk
=FFP  \\$aY$bBLDSS-3PM
=FIN  \\$aY$d20160121
=LKR  \\$aPAR$b009845162$lBLL01$nIETE journal of research (Print)$mIETE journal of research (Online)$r776
=MNI  \\$a0377-2063
=SID  \\$aZ39$bOCLC
=TOC  \\$aETOC
=ACF  \\$aPrevious copyright fee: GBP34.00$c2\0$e27-jan-2016$fGBP34.00$g0$hP$5Uk
=ACF  \\$aPrevious copyright fee: GBP31.00$c2\0$e01-apr-2016$fGBP31.00$g0$hP$5Uk
=ACF  \\$aPrevious copyright fee: GBP33.00$c2\0$e01-jan-2017$fGBP33.00$g0$hP$5Uk
=ACF  \\$aPrevious copyright fee: GBP35.00$c2\0$e01-jan-2018$fGBP35.00$g0$hP$5Uk
=ACF  \\$aPrevious copyright fee: GBP37.00$c2\0$e01-jan-2019$fGBP37.00$g0$hP$5Uk
=ACF  \\$aPrevious copyright fee: GBP39.00$c2\0$e01-jan-2020$fGBP39.00$g0$hP$5Uk
=LAS  \\$aIPL-CLA$b00$c20221231$lBLL01$h1454

