=LDR  03667cas a2200853 i 4500
=001  017714300
=003  Uk
=005  20221231145405.0
=006  m\\\\\|\\d\|\\\\\\
=007  cr\|||||||||||
=008  160122c20109999enkqr\p\o\\\\\0\\\a0eng\\
=FMT  \\$a  SE
=015  \\$aGBB668082$2bnb
=022  \\$a2325-4483
=037  \\$aISSN_20932685_21$bPortico$nTaylor & Francis
=040  \\$aUk$beng$cUk$erda
=042  \\$aukblsr
=082  04$a687.0688$223
=222  \0$aJournal of global fashion marketing$b(Online)
=245  00$aJournal of global fashion marketing :$bbridging fashion and marketing.
=246  3\$aJGFM
=264  \1$a[Abingdon] :$bRoutledge, Taylor & Francis Group
=310  \\$aQuarterly
=336  \\$atext$2rdacontent
=337  \\$acomputer$2rdamedia
=338  \\$aonline resource$2rdacarrier
=362  0\$aVolume 1, issue 1 (2010)-
=500  \\$aTitle from table of contents (Taylor & Francis Online, viewed May 18, 2016).
=550  \\$aPublication of the Korean Scholars of Marketing Science.
=588  \\$aLatest issue consulted: volume 7, issue 2 (2016).
=540  \\$aCurrent copyright fee: GBP37.00$c2\0$5Uk
=650  \0$aFashion$vPeriodicals.
=650  \0$aFashion merchandising$vPeriodicals.
=710  2\$aKorean Scholars of Marketing Science.
=776  08$iAlso issued in print as:$tJournal of global fashion marketing$x2093-2685
=856  40$31850-9999$uhttp://www.tandfonline.com/$xBLDSS
=859  \\$aELD$bejournal
=852  41$aBritish Library$bHMNTS$jELD Digital store$3Volume 7:Issue 1(2016)-***Transferred from print***Previous issues available in print copy
=945  \\$aJournal of global fashion marketing.
=979  \\$aBritish Library$bDSC$j4996.266500N
=CAT  \\$a14448$b40$c20160122$lBLL01$h0947
=CAT  \\$a5552$b40$c20160215$lBLL01$h0939
=CAT  \\$aBLDSS-3PM$b00$c20160225$lBLL01$h1643
=CAT  \\$aBATCH-UPD$b00$c20160413$lBLL01$h1830
=CAT  \\$a8483$b40$c20160518$lBLL01$h1000
=CAT  \\$a8483$b40$c20160518$lBLL01$h1002
=CAT  \\$a8483$b40$c20160518$lBLL01$h1003
=CAT  \\$aBATCH-UPD$b40$c20161122$lBLL01$h1515
=CAT  \\$aIPL-CLA$c20161231$lBLL01$h0025
=CAT  \\$a5552$b40$c20170201$lBLL01$h1443
=CAT  \\$aBATCH-UPD$b40$c20171121$lBLL01$h1651
=CAT  \\$aW1711-1005$c20171206$lBLL01$h1829
=CAT  \\$aIPL-CLA$c20171231$lBLL01$h1831
=CAT  \\$aBATCH-UPD$b00$c20181217$lBLL01$h1641
=CAT  \\$aIPL-CLA$c20181231$lBLL01$h1555
=CAT  \\$aBATCH-UPD$b00$c20191122$lBLL01$h1903
=CAT  \\$aIPL-CLA$c20191231$lBLL01$h2042
=CAT  \\$aBATCH-UPD$b00$c20201118$lBLL01$h1337
=CAT  \\$aIPL-CLA$c20201231$lBLL01$h1533
=CAT  \\$aBATCH-UPD$b00$c20221121$lBLL01$h1350
=CAT  \\$aIPL-CLA$c20221231$lBLL01$h1454
=CFI  0\$aCurrent copyright fee: GBP37.00$c2\0$e01-jan-2023$fGBP37.00$g0$hP$5Uk
=CFI  2\$aPrevious copyright fee: GBP35.00$c2\0$e01-jan-2021$fGBP35.00$g0$hP$5Uk
=FFP  \\$aY$bBLDSS-3PM
=FIN  \\$aY$d20160518
=LKR  \\$aPAR$b016595654$lBLL01$r776$mJournal of global fashion marketing : bridging fashion and marketing.$nJournal of global fashion marketing
=MNI  \\$a2093-2685
=TOC  \\$aETOC
=ACF  \\$aPrevious copyright fee: GBP26.00$c2\0$e15-feb-2016$fGBP26.00$g0$hP$5Uk
=ACF  \\$aPrevious copyright fee: GBP28.00$c2\0$e01-jan-2017$fGBP28.00$g0$hP$5Uk
=ACF  \\$aPrevious copyright fee: GBP30.00$c2\0$e01-jan-2018$fGBP30.00$g0$hP$5Uk
=ACF  \\$aPrevious copyright fee: GBP32.00$c2\0$e01-jan-2019$fGBP32.00$g0$hP$5Uk
=ACF  \\$aPrevious copyright fee: GBP34.00$c2\0$e01-jan-2020$fGBP34.00$g0$hP$5Uk
=LAS  \\$aIPL-CLA$b00$c20221231$lBLL01$h1454

