=LDR  03724cas a2200853 i 4500
=001  017719808
=003  Uk
=005  20220105152108.0
=006  m\\\\\|\\d\|\\\\\\
=007  cr\|||||||||||
=008  160129c20089999enkbr\p\o\\\\\0\\\a0eng\\
=FMT  \\$a  SE
=015  \\$aGBB625568$2bnb
=022  \\$a1875-6883
=037  \\$aISSN_18756891$bPortico$nTaylor & Francis
=040  \\$aUk$beng$cUk$erda
=042  \\$aukblsr
=082  04$a006.305$223
=222  \0$aInternational journal of computational intelligence systems$b(Online)
=245  00$aInternational journal of computational intelligence systems.
=264  \1$aAbingdon :$bTaylor & Francis
=310  \\$aBimonthly
=321  \\$aAnnual
=336  \\$atext$2rdacontent
=337  \\$acomputer$2rdamedia
=338  \\$aonline resource$2rdacarrier
=362  1\$aPrint began in 2008.
=588  \\$aDescription based on: print version record.
=588  \\$aLatest issue consulted: volume 9, issue 2 (2016) (Taylor & Francis Online, viewed February 22, 2016).
=540  \\$aCurrent Copyright Fee: zero$c22\1$5Uk
=650  \0$aComputational intelligence$vPeriodicals.
=776  08$iAlso issued in print as:$tInternational journal of computational intelligence systems$x1875-6891
=859  \\$aELD$bejournal
=856  \\$31850-9999$uhttp://link.springer.com/$xBLDSS
=852  41$aBritish Library$bSTI$jELD Digital store$3Volume 9:Issue 1(2016)-Volume 9:Issue 6(2016)***Previous issues available in print copy
=945  \\$aInternational journal of computational intelligence systems.
=979  \\$aBritish Library$bDSC$j4542.173755N
=CAT  \\$a14448$b40$c20160129$lBLL01$h0747
=CAT  \\$a5110$b40$c20160222$lBLL01$h1547
=CAT  \\$a5552$b40$c20160302$lBLL01$h1235
=CAT  \\$aIPL-CLA$c20160331$lBLL01$h1821
=CAT  \\$aBLDSS-3PM$b00$c20160404$lBLL01$h1601
=CAT  \\$aBATCH-UPD$b00$c20160413$lBLL01$h1830
=CAT  \\$aBATCH-UPD$b00$c20160726$lBLL01$h1820
=CAT  \\$a5552$b40$c20161122$lBLL01$h0833
=CAT  \\$aBATCH-UPD$b40$c20161122$lBLL01$h1507
=CAT  \\$aIPL-CLA$c20161231$lBLL01$h0025
=CAT  \\$a5552$b40$c20170531$lBLL01$h1116
=CAT  \\$aW1711-1005$c20171206$lBLL01$h1829
=CAT  \\$aBATCH-CLA$b00$c20171222$lBLL01$h2220
=CAT  \\$aIPL-CLA$c20171231$lBLL01$h1831
=CAT  \\$aBATCH-CLA$b00$c20191219$lBLL01$h1803
=CAT  \\$aIPL-CLA$c20191231$lBLL01$h2042
=CAT  \\$aR2001-1524$c20200127$lBLL01$h2106
=CAT  \\$aBATCH-CLA$b00$c20201204$lBLL01$h1615
=CAT  \\$aIPL-CLA$c20201231$lBLL01$h1533
=CAT  \\$a12654$b40$c20211028$lBLL01$h0920
=CAT  \\$aIPL-CLA$c20211231$lBLL01$h1547
=CAT  \\$aBATCH-UNOA$c20220104$lBLL01$h2254
=CAT  \\$aBLDSS-3PM$b00$c20220105$lBLL01$h1521
=CAT  \\$aBATCH-UPD$b00$c20220105$lBLL01$h1532
=CFI  0\$aCurrent Copyright Fee: zero$c22\1$e01-jan-2022$fGBP0.00$g0$hP$5Uk
=CFI  2\$aPrevious Copyright Fee: GBP22.50$c0$e01-jan-2021$fGBP22.50$g0$hA$5Uk
=FFP  \\$aY$bBLDSS-3PM
=FIN  \\$aY$d20160222
=LKR  \\$aPAR$b016293091$lBLL01$nInternational journal of computational intelligence systems (Print)$mInternational journal of computational intelligence systems (Online)$r776
=MNI  \\$a1875-6891
=UNO  \\$aY
=ACF  \\$aPrevious copyright fee: GBP33.00$c2\0$e01-jan-2017$fGBP33.00$g0$hP$5Uk
=ACF  \\$aPrevious copyright fee: GBP31.00$c2\0$e01-apr-2016$fGBP31.00$g0$hP$5Uk
=ACF  \\$aPrevious copyright fee: GBP15.00$c0$e31-may-2017$fGBP15.00$g0$hA$5Uk
=ACF  \\$aPrevious Copyright Fee: GBP17.50$c0$e01-jan-2018$fGBP17.50$g0$hA$5Uk
=ACF  \\$aPrevious Copyright Fee: GBP20.00$c0$e01-jan-2020$fGBP20.00$g0$hA$5Uk
=LAS  \\$aBATCH-UPD$b00$c20220105$lBLL01$h1532

