=LDR  02543cas a2200661 i 4500
=001  017732367
=003  Uk
=005  20171018082447.0
=006  m\\\\\|\\d\|\\\\\\
=007  cr\|||||||||||
=008  160205c20169999enkar\p\o\\\\\0\\\a0eng\\
=FMT  \\$a  SE
=015  \\$aGBB7J3469$2bnb
=022  \\$a2377-9497
=037  \\$aISSN_23779497_21$bPortico$nTaylor & Francis
=040  \\$aUk$beng$cUk$erda
=042  \\$aukblsr
=082  04$a327.1$223
=245  00$aGlobal security :$bhealth, science and policy.
=264  \1$a[Abingdon] :$bTaylor & Francis,$c2016-
=336  \\$atext$2rdacontent
=337  \\$acomputer$2rdamedia
=338  \\$aonline resource$2rdacarrier
=362  0\$aVolume 1, issue 1 (2016)-
=500  \\$aTitle from jornal home page (Taylor & Francis Online, viewed October 11, 2017).
=588  \\$aLatest issue consulted: volume 2, issue 1 (2017) (viewed October 11, 2017).
=540  \\$aCurrent copyright fee: zero$c2\0$5Uk
=650  \0$aSecurity, International$vPeriodicals.
=650  \0$aInternational relations$vPeriodicals.
=776  08$iAlso issued in print as:$tGlobal security (Abingdon, England)$x2377-9489
=856  40$31850-9999$uhttp://www.tandfonline.com/$xBLDSS
=859  \\$aELD$bejournal
=852  41$aBritish Library$bHMNTS$jELD Digital store$3Volume 1:Issue 1(2016)-
=945  \\$aGlobal security -Abingdon-
=979  \\$aBritish Library$bDSC$j4195.475274N
=985  \\$aISSN still work record on Portal (18/10/17). US responsibility.
=CAT  \\$a11296$b40$c20160205$lBLL01$h1240
=CAT  \\$a11296$b40$c20160205$lBLL01$h1241
=CAT  \\$a5552$b40$c20160309$lBLL01$h1232
=CAT  \\$aBLDSS-3PM$b00$c20160317$lBLL01$h1142
=CAT  \\$aBATCH-UPD$b00$c20160413$lBLL01$h1830
=CAT  \\$aBATCH-UPD$b00$c20160603$lBLL01$h1434
=CAT  \\$a5552$b40$c20161005$lBLL01$h1041
=CAT  \\$aIPL-CLA$c20161231$lBLL01$h0025
=CAT  \\$a5552$b40$c20170519$lBLL01$h1334
=CAT  \\$a5997$b40$c20171011$lBLL01$h0932
=CAT  \\$a5997$b40$c20171011$lBLL01$h0933
=CAT  \\$a5997$b40$c20171011$lBLL01$h0938
=CAT  \\$a5997$b40$c20171018$lBLL01$h0824
=CAT  \\$aW1711-1005$c20171206$lBLL01$h1829
=CFI  0\$aCurrent copyright fee: zero$c2\0$e01-jan-2017$fGBP0.00$g0$hP$5Uk
=CFI  2\$aPrevious copyright fee: GBP26.00$c2\0$e09-mar-2016$fGBP26.00$g0$hP$5Uk
=FFP  \\$aY$bBLDSS-3PM
=FIN  \\$aY$d20171011
=LET  \0$aGlobal security (Electronic)
=MNI  \\$a2377-9497
=TOC  \\$aETOC
=LAS  \\$aW1711-1005$b00$c20171206$lBLL01$h1829

