=LDR  01806cas a22004817a 4500
=001  017737260
=003  Uk
=005  20170425132847.0
=007  ta
=008  160209c\\\\9999\\\\\\\\\\\\\\0\\\a0eng\\
=FMT  \\$a  SE
=022  \\$a2380-5048
=037  \\$aISSN_23805048$bPortico$nLippincott Williams & Wilkins
=040  \\$aUk$beng$cUk
=245  00$aItch.
=264  \1$bLippincott Williams & Wilkins.$c2016-
=336  \\$atext$2rdacontent
=337  \\$acomputer$2rdamedia
=338  \\$aonline resource$2rdacarrier
=540  \\$aCurrent copyright fee: GBP32.00$c20\0$5Uk
=856  \\$31850-9999$uhttp://journals.lww.com/pages/default.aspx$xBLDSS
=859  \\$aELD$bejournal
=852  41$aBritish Library$bHMNTS$jELD Digital store$3Volume 1:Issue 1(2016)-
=945  \\$aItch -Lippincott Williams & Wilkins-.
=979  \\$aBritish Library$bDSC$j4588.533500N
=985  \\$a3rd party access title for Remote supply please retain as base record when merging/deleting
=CAT  \\$a5552$b40$c20160209$lBLL01$h1423
=CAT  \\$aBLDSS-3PM$b00$c20160215$lBLL01$h1032
=CAT  \\$aBATCH-UPD$b00$c20160217$lBLL01$h1713
=CAT  \\$a10983$b40$c20160301$lBLL01$h1552
=CAT  \\$aIPL-CLA$c20160331$lBLL01$h1821
=CAT  \\$aBATCH-UPD$b00$c20160413$lBLL01$h1830
=CAT  \\$aBATCH-UPD$b00$c20160524$lBLL01$h2200
=CAT  \\$aBATCH-UPD$b00$c20160524$lBLL01$h2307
=CAT  \\$a5552$b40$c20160525$lBLL01$h1442
=CAT  \\$a5552$b40$c20170425$lBLL01$h1328
=CAT  \\$aW1711-1005$c20171206$lBLL01$h1829
=CFI  0\$aCurrent copyright fee: GBP32.00$c20\0$e01-apr-2016$fGBP32.00$g0$hP$5Uk
=CFI  2\$aPrevious copyright fee: GBP30.32$c20\0$e09-feb-2016$fGBP30.32$g0$hP$5Uk
=FFP  \\$aY$bBLDSS-3PM
=TOC  \\$aETOC
=UNO  \\$aY
=LAS  \\$aW1711-1005$b00$c20171206$lBLL01$h1829

