=LDR  03316cas a2200817 i 4500
=001  017752492
=003  Uk
=005  20221231145409.0
=006  m\\\\\|\\d\|\\\\\\
=007  cr\|||||||||||
=008  160226c20169999enkqr\p\o\\\\\0\\\a0eng\\
=FMT  \\$a  SE
=015  \\$aGBB6B8418$2bnb
=022  \\$a2378-9697
=037  \\$aISSN_23789689_21$bPortico$nTaylor & Francis
=040  \\$aUk$beng$cUk$erda
=042  \\$aukblsr
=082  04$a624.17$223
=222  \0$aSustainable and resilient infrastructure$b(Online)
=245  00$aSustainable and resilient infrastructure.
=264  \1$a[London?] :$bTaylor & Francis,$c2016-
=310  \\$aFour times a year
=336  \\$atext$2rdacontent
=337  \\$acomputer$2rdamedia
=338  \\$aonline resource$2rdacarrier
=362  0\$aVolume 1, issue 1/2 (2016)-
=500  \\$aTitle from journal homepage (Taylor & Francis Online, viewed August 24, 2016).
=540  \\$aCurrent copyright fee: GBP43.00$c2\0$5Uk
=650  \0$aSustainable development$vPeriodicals.
=650  \0$aInfrastructure (Economics)$vPeriodicals.
=650  \0$aHazard mitigation$vPeriodicals.
=650  \0$aStructural analysis (Engineering)$vPeriodicals.
=859  \\$aELD$bejournal
=856  \\$31850-9999$uhttp://www.tandfonline.com/$xBLDSS
=852  41$aBritish Library$bHMNTS$jELD Digital store$3Volume 1:Issue 1/2(2016)-
=945  \\$aSustainable and resilient infrastructure.
=979  \\$aBritish Library$bDSC$j8553.354270N
=CAT  \\$a14412$b40$c20160226$lBLL01$h1220
=CAT  \\$a5552$b40$c20160304$lBLL01$h0808
=CAT  \\$aIPL-CLA$c20160331$lBLL01$h1821
=CAT  \\$aBLDSS-3PM$b00$c20160404$lBLL01$h1601
=CAT  \\$aBATCH-UPD$b00$c20160413$lBLL01$h1830
=CAT  \\$aBATCH-UPD$b00$c20160810$lBLL01$h1416
=CAT  \\$a10806$b40$c20160824$lBLL01$h1606
=CAT  \\$a10806$b40$c20160824$lBLL01$h1609
=CAT  \\$aBATCH-UPD$b40$c20161122$lBLL01$h1507
=CAT  \\$aIPL-CLA$c20161231$lBLL01$h0025
=CAT  \\$a5552$b40$c20170221$lBLL01$h1120
=CAT  \\$aBATCH-UPD$b40$c20171121$lBLL01$h1657
=CAT  \\$aW1711-1005$c20171206$lBLL01$h1829
=CAT  \\$aIPL-CLA$c20171231$lBLL01$h1831
=CAT  \\$aBATCH-UPD$b00$c20181217$lBLL01$h1646
=CAT  \\$aIPL-CLA$c20181231$lBLL01$h1555
=CAT  \\$aBATCH-UPD$b00$c20191122$lBLL01$h1908
=CAT  \\$aIPL-CLA$c20191231$lBLL01$h2042
=CAT  \\$aBATCH-UPD$b00$c20201118$lBLL01$h1342
=CAT  \\$aIPL-CLA$c20201231$lBLL01$h1533
=CAT  \\$aBATCH-UPD$b00$c20221121$lBLL01$h1341
=CAT  \\$aIPL-CLA$c20221231$lBLL01$h1454
=CFI  0\$aCurrent copyright fee: GBP43.00$c2\0$e01-jan-2023$fGBP43.00$g0$hP$5Uk
=CFI  2\$aPrevious copyright fee: GBP41.00$c2\0$e01-jan-2021$fGBP41.00$g0$hP$5Uk
=FFP  \\$aY$bBLDSS-3PM
=FIN  \\$aY$d20160824
=MNI  \\$a2378-9689
=TOC  \\$aETOC
=ACF  \\$aPrevious copyright fee: GBP31.00$c2\0$e01-apr-2016$fGBP31.00$g0$hP$5Uk
=ACF  \\$aPrevious copyright fee: GBP33.00$c2\0$e01-jan-2017$fGBP33.00$g0$hP$5Uk
=ACF  \\$aPrevious copyright fee: GBP35.00$c2\0$e01-jan-2018$fGBP35.00$g0$hP$5Uk
=ACF  \\$aPrevious copyright fee: GBP37.00$c2\0$e01-jan-2019$fGBP37.00$g0$hP$5Uk
=ACF  \\$aPrevious copyright fee: GBP39.00$c2\0$e01-jan-2020$fGBP39.00$g0$hP$5Uk
=LAS  \\$aIPL-CLA$b00$c20221231$lBLL01$h1454

