=LDR  03633cas a2200889 i 4500
=001  017752528
=003  Uk
=005  20221231145409.0
=006  m\\\\\|\\d\|\\\\\\
=007  cr\|||||||||||
=008  160226c20169999enkbr\p\o\\\\\0\\\a0eng\\
=FMT  \\$a  SE
=015  \\$aGBB7I9741$2bnb
=022  0\$a2379-9978
=037  \\$aISSN_23802014_21$bPortico$nTaylor & Francis
=040  \\$aUk$beng$cUk$erda
=042  \\$aukblsr
=082  04$a338.90091724$223
=222  \0$aThird world thematics$b(Online)
=245  00$aThird world thematics :$ba TWQ journal.
=246  3\$aTWT
=264  \1$a[Great Britain?] :$bTaylor & Francis,$c2016-
=310  \\$aSix times a year
=336  \\$atext$2rdacontent
=337  \\$acomputer$2rdamedia
=338  \\$aonline resource$2rdacarrier
=362  0\$aVolume 1, issue 1 (2016)-
=500  \\$aTitle from journal homepage (Taylor & Francis Online, viewed June 1, 2017).
=540  \\$aCurrent copyright fee: GBP37.00$c2\0$5Uk
=651  \0$aDeveloping countries$xEconomic conditions$vPeriodicals.
=651  \0$aDeveloping countries$xPolitics and government$vPeriodicals.
=650  \0$aGlobalization$vPeriodicals.
=690  7\$aManagement and Business Studies$2blcoll
=776  08$iAlso issued in print as:$tThird world thematics$x2380-2014
=787  0\$tThird world quarterly (Online)$x1360-2241
=856  40$31850-9999$uhttp://www.tandfonline.com/$xBLDSS
=859  \\$aELD$bejournal
=852  41$aBritish Library$bHMNTS$jELD Digital store$3Volume 1:Issue 1(2016)-
=945  \\$aThird World Thematics.
=979  \\$aBritish Library$bDSC$j8820.146807N
=CAT  \\$a14412$b40$c20160226$lBLL01$h1331
=CAT  \\$a14412$b40$c20160226$lBLL01$h1332
=CAT  \\$a5552$b40$c20160314$lBLL01$h1234
=CAT  \\$aBLDSS-3PM$b00$c20160322$lBLL01$h1621
=CAT  \\$aBATCH-UPD$b00$c20160413$lBLL01$h1830
=CAT  \\$aBATCH-UPD$b00$c20160905$lBLL01$h0407
=CAT  \\$aBATCH-UPD$b00$c20161122$lBLL01$h1515
=CAT  \\$aIPL-CLA$c20161231$lBLL01$h0025
=CAT  \\$a5552$b40$c20170213$lBLL01$h1534
=CAT  \\$a10806$b40$c20170601$lBLL01$h1328
=CAT  \\$a10806$b40$c20170601$lBLL01$h1329
=CAT  \\$a10806$b40$c20170601$lBLL01$h1408
=CAT  \\$a10806$b40$c20171004$lBLL01$h0913
=CAT  \\$aBATCH-MBS$c20171013$lBLL01$h2112
=CAT  \\$aBATCH-UPD$b00$c20171121$lBLL01$h1651
=CAT  \\$aW1711-1005$c20171206$lBLL01$h1829
=CAT  \\$aIPL-CLA$c20171231$lBLL01$h1831
=CAT  \\$aBATCH-UPD$b00$c20181217$lBLL01$h1641
=CAT  \\$aIPL-CLA$c20181231$lBLL01$h1555
=CAT  \\$aBATCH-UPD$b00$c20191122$lBLL01$h1903
=CAT  \\$aIPL-CLA$c20191231$lBLL01$h2042
=CAT  \\$aBATCH-UPD$b00$c20201118$lBLL01$h1337
=CAT  \\$aIPL-CLA$c20201231$lBLL01$h1533
=CAT  \\$aBATCH-UPD$b00$c20221121$lBLL01$h1350
=CAT  \\$aIPL-CLA$c20221231$lBLL01$h1454
=CFI  0\$aCurrent copyright fee: GBP37.00$c2\0$e01-jan-2023$fGBP37.00$g0$hP$5Uk
=CFI  2\$aPrevious copyright fee: GBP35.00$c2\0$e01-jan-2021$fGBP35.00$g0$hP$5Uk
=FFP  \\$aY$bBLDSS-3PM
=FIN  \\$aY$d20171004
=LET  \0$aThird world thematics (Electronic)
=TOC  \\$aETOC
=ACF  \\$aPrevious copyright fee: GBP26.00$c2\0$e14-mar-2016$fGBP26.00$g0$hP$5Uk
=ACF  \\$aPrevious copyright fee: GBP28.00$c2\0$e01-jan-2017$fGBP28.00$g0$hP$5Uk
=ACF  \\$aPrevious copyright fee: GBP30.00$c2\0$e01-jan-2018$fGBP30.00$g0$hP$5Uk
=ACF  \\$aPrevious copyright fee: GBP32.00$c2\0$e01-jan-2019$fGBP32.00$g0$hP$5Uk
=ACF  \\$aPrevious copyright fee: GBP34.00$c2\0$e01-jan-2020$fGBP34.00$g0$hP$5Uk
=LAS  \\$aIPL-CLA$b00$c20221231$lBLL01$h1454

