=LDR  02622cas a22006378i 4500
=001  017754733
=003  Uk
=005  20191231204243.0
=006  m\\\\\\\\d\|\\\\\\
=007  cr||||||||||||
=008  160301c20179999at\mr\p\o\\\\\0\\\a0eng\\
=FMT  \\$a  SE
=022  0\$a2397-9070
=037  \\$aISSN_23979070$bPortico$nWiley
=040  \\$aUk$beng$cUk$erda
=222  \0$aJGH open
=245  00$aJGH open.
=246  3\$aJournal of gastroenterology and hepatology open
=263  \\$a201701
=264  \1$aRichmond, Victoria :$bWiley Australia Limited
=310  \\$aMonthly
=336  \\$atext$2rdacontent
=337  \\$acomputer$2rdamedia
=338  \\$aonline resource$2rdacarrier
=540  \\$aCurrent Copyright Fee: zero$c35\0$5Uk
=859  \\$aELD$bejournal
=856  \\$31850-9999$uhttp://onlinelibrary.wiley.com/$xBLDSS
=852  41$aBritish Library$bHMNTS$jELD Digital store$3Volume 1:Issue 1(2017)-
=945  \\$aJournal of gastroenterology and hepatology open.
=979  \\$aBritish Library$bDSC$j4987.615500N
=985  \\$aISSN UK Note: UK assignment agreed with Wiley - see correspondence in file (Richard (Leeds), 01/03/16)
=985  \\$aISSN UK Centre note: originally assigned to the title 'Clinical and experimental gastroenterology and hepatology' - see emails and new application form in file. ISSN UK, 11.08.2016.
=985  \\$aISSN UK Centre: responsibility transferred to US Center (Wiley multinational publisher agreement). US Center to complete record for Portal. 29.9.17.
=CAT  \\$a10806$b40$c20160301$lBLL01$h1332
=CAT  \\$a10806$b40$c20160301$lBLL01$h1333
=CAT  \\$a10806$b40$c20160301$lBLL01$h1336
=CAT  \\$a11313$b40$c20160811$lBLL01$h1136
=CAT  \\$a14412$b40$c20161207$lBLL01$h1155
=CAT  \\$a14412$b40$c20161207$lBLL01$h1156
=CAT  \\$a10983$b40$c20170331$lBLL01$h1048
=CAT  \\$a10973$b40$c20170929$lBLL01$h1558
=CAT  \\$aW1711-1005$c20171206$lBLL01$h1829
=CAT  \\$a5552$b40$c20190625$lBLL01$h1446
=CAT  \\$aBLDSS-3PM$b00$c20190704$lBLL01$h1639
=CAT  \\$aBATCH-UPD$b00$c20190704$lBLL01$h1639
=CAT  \\$a5410$b40$c20190717$lBLL01$h0922
=CAT  \\$a5410$b40$c20190722$lBLL01$h1135
=CAT  \\$a5410$b40$c20190722$lBLL01$h1136
=CAT  \\$aR1911-0245$c20191127$lBLL01$h1037
=CAT  \\$aIPL-CLA$c20191231$lBLL01$h2042
=CFI  0\$aCurrent Copyright Fee: zero$c35\0$e01-jan-2020$fGBP0.00$g0$hP$5Uk
=CFI  2\$aPrevious copyright fee: GBP28.00$c35\0$e25-jun-2019$fGBP28.00$g0$hP$5Uk
=FFP  \\$aY$bBLDSS-3PM
=TOC  \\$aETOC
=UNO  \\$aY
=LAS  \\$aIPL-CLA$b00$c20191231$lBLL01$h2042

