=LDR  01643cas a22004457a 4500
=001  017759633
=003  Uk
=005  20230930081118.0
=007  ta
=008  160304c\\\\9999\\\\\\\\\\\\\\0\\\a0eng\\
=FMT  \\$a  SE
=022  \\$a2377-2484
=037  \\$aISSN_23772484$bPortico$nTaylor & Francis
=040  \\$aUk$beng$cUk
=245  00$aActa oto-laryngologica case reports.
=264  \1$aInforma Healthcare.
=336  \\$atext$2rdacontent
=337  \\$acomputer$2rdamedia
=338  \\$aonline resource$2rdacarrier
=540  \\$aCurrent copyright fee: zero$c2\0$5Uk
=856  \\$31850-9999$uhttp://www.tandfonline.com/$xBLDSS
=859  \\$aELD$bejournal
=852  41$aBritish Library$bHMNTS$jELD Digital store$3Volume 1:Issue 1(2016)-
=945  \\$aActa otolaryngologica case reports.
=979  \\$aBritish Library$bDSC$j0642.251000N
=985  \\$a3rd party access title for Remote supply please retain as base record when merging/deleting
=CAT  \\$a5552$b40$c20160304$lBLL01$h0855
=CAT  \\$a5552$b40$c20160304$lBLL01$h0858
=CAT  \\$aBLDSS-3PM$b00$c20160308$lBLL01$h0937
=CAT  \\$aBATCH-UPD$b00$c20160413$lBLL01$h1830
=CAT  \\$a5552$b40$c20160923$lBLL01$h1313
=CAT  \\$a10983$b40$c20170221$lBLL01$h1516
=CAT  \\$aW1711-1005$c20171206$lBLL01$h1829
=CAT  \\$aR2308-1440$c20230824$lBLL01$h0930
=CAT  \\$aIPL-CLA$c20230930$lBLL01$h0811
=CFI  0\$aCurrent copyright fee: zero$c2\0$e01-oct-2023$fGBP0.00$g0$hP$5Uk
=CFI  2\$aPrevious copyright fee: zero$c45\0$e04-mar-2016$fGBP0.00$g0$hP$5Uk
=FFP  \\$aY$bBLDSS-3PM
=TOC  \\$aETOC
=LAS  \\$aIPL-CLA$b00$c20230930$lBLL01$h0811

