=LDR  01803cas a22004817a 4500
=001  017770940
=003  Uk
=005  20230511163121.0
=007  ta
=008  160311c\\\\9999\\\\\\\\\\\\\\0\\\a0eng\\
=FMT  \\$a  SE
=022  \\$a2471-2531
=037  \\$aISSN_24712531$bPortico$nLippincott Williams & Wilkins
=040  \\$aUk$beng$cUk
=245  00$aPain reports.
=264  \1$aBaltimore, MD :$bWolters Kluwer
=336  \\$atext$2rdacontent
=337  \\$acomputer$2rdamedia
=338  \\$aonline resource$2rdacarrier
=540  \\$aCurrent copyright fee: zero$c20\0$5Uk
=856  \\$31850-9999$uhttp://journals.lww.com/pages/default.aspx$xBLDSS
=859  \\$aELD$bejournal
=852  41$aBritish Library$bHMNTS$jELD Digital store$3Volume 1:Number 1(2016)-
=945  \\$aPain reports.
=979  \\$aBritish Library$bDSC$j6333.807700N
=985  \\$a3rd party access title for Remote supply please retain as base record when merging/deleting
=CAT  \\$a5552$b40$c20160311$lBLL01$h1401
=CAT  \\$aBLDSS-3PM$b00$c20160317$lBLL01$h1142
=CAT  \\$aIPL-CLA$c20160331$lBLL01$h1821
=CAT  \\$aBATCH-UPD$b00$c20160413$lBLL01$h1830
=CAT  \\$a10983$b40$c20160527$lBLL01$h1321
=CAT  \\$a10983$b40$c20170203$lBLL01$h1035
=CAT  \\$a5552$b40$c20170315$lBLL01$h1153
=CAT  \\$aW1711-1005$c20171206$lBLL01$h1829
=CAT  \\$a12654$b40$c20230215$lBLL01$h0959
=CAT  \\$aBATCH-FIX$c20230511$lBLL01$h1631
=CFI  0\$aCurrent copyright fee: zero$c20\0$e15-feb-2023$fGBP0.00$g0$hP$5Uk
=CFI  2\$aPrevious copyright fee: GBP39.00$c20\0$e01-apr-2016$fGBP39.00$g0$hP$5Uk
=FFP  \\$aY$bBLDSS-3PM
=TOC  \\$aETOC
=UNO  \\$aY
=ACF  \\$aPrevious copyright fee: GBP36.77$c20\0$e01-oct-2015$fGBP36.77$g0$hP$5Uk
=LAS  \\$aBATCH-FIX$b00$c20230511$lBLL01$h1631

