=LDR  02749cas a22006617a 4500
=001  017780206
=003  Uk
=005  20221231145410.0
=007  ta
=008  160323c\\\\9999enk\\\\\\\\\\\0\\\a0eng\\
=FMT  \\$a  SE
=022  \\$a2471-4054
=037  \\$aISSN_2222582X$bPortico$nTaylor & Francis
=040  \\$aUk$beng$cUk
=245  00$aJournal of early Christian history.
=264  \1$aLondon, England, UK :$bTaylor & Francis Group
=336  \\$atext$2rdacontent
=337  \\$acomputer$2rdamedia
=338  \\$aonline resource$2rdacarrier
=540  \\$aCurrent copyright fee: GBP37.00$c2\0$5Uk
=776  08$iAlso published in print as :$tJournal of early Christian history.$x2222-582X
=856  \\$31850-9999$uhttp://www.tandfonline.com/$xBLDSS
=859  \\$aELD$bejournal
=852  41$aBritish Library$bHMNTS$jELD Digital store$3Volume 6:Issue 1(2016)-
=945  \\$aJournal of early Christian history.
=979  \\$aBritish Library$bDSC$j4970.702550N
=985  \\$aUpgraded by BSS-generated file for WR1910-0531
=CAT  \\$a5552$b40$c20160323$lBLL01$h1230
=CAT  \\$aBLDSS-3PM$b00$c20160329$lBLL01$h1140
=CAT  \\$aBATCH-UPD$b00$c20160413$lBLL01$h1830
=CAT  \\$aBATCH-UPD$b00$c20161122$lBLL01$h1515
=CAT  \\$aBATCH-UPD$b00$c20161122$lBLL01$h1628
=CAT  \\$aIPL-CLA$c20161231$lBLL01$h0025
=CAT  \\$a5552$b40$c20170421$lBLL01$h0934
=CAT  \\$a5110$b40$c20170601$lBLL01$h1325
=CAT  \\$aBATCH-UPD$b40$c20171121$lBLL01$h1651
=CAT  \\$aIPL-CLA$c20171231$lBLL01$h1831
=CAT  \\$a9658$b40$c20180417$lBLL01$h1448
=CAT  \\$aBATCH-UPD$b40$c20181217$lBLL01$h1641
=CAT  \\$aIPL-CLA$c20181231$lBLL01$h1555
=CAT  \\$aW1910-0531$b00$c20191108$lBLL01$h1832
=CAT  \\$aBATCH-UPD$b00$c20191122$lBLL01$h1903
=CAT  \\$aIPL-CLA$c20191231$lBLL01$h2042
=CAT  \\$aBATCH-UPD$b00$c20201118$lBLL01$h1337
=CAT  \\$aIPL-CLA$c20201231$lBLL01$h1533
=CAT  \\$aBATCH-UPD$b00$c20221121$lBLL01$h1350
=CAT  \\$aIPL-CLA$c20221231$lBLL01$h1454
=CFI  0\$aCurrent copyright fee: GBP37.00$c2\0$e01-jan-2023$fGBP37.00$g0$hP$5Uk
=CFI  2\$aPrevious copyright fee: GBP35.00$c2\0$e01-jan-2021$fGBP35.00$g0$hP$5Uk
=FFP  \\$aY$bBLDSS-3PM
=MNI  \\$a2222-582X
=TOC  \\$aETOC
=ACF  \\$aPrevious Copyright Fee: GBP26.00$c2\0$e23-mar-2016$fGBP26.00$g0$hP$5Uk
=ACF  \\$aPrevious copyright fee: GBP28.00$c2\0$e01-jan-2017$fGBP28.00$g0$hP$5Uk
=ACF  \\$aPrevious copyright fee: GBP30.00$c2\0$e01-jan-2018$fGBP30.00$g0$hP$5Uk
=ACF  \\$aPrevious copyright fee: GBP32.00$c2\0$e01-jan-2019$fGBP32.00$g0$hP$5Uk
=ACF  \\$aPrevious copyright fee: GBP34.00$c2\0$e01-jan-2020$fGBP34.00$g0$hP$5Uk
=LAS  \\$aIPL-CLA$b00$c20221231$lBLL01$h1454

