=LDR  02977cas a22007337a 4500
=001  017780231
=003  Uk
=005  20221231145410.0
=007  ta
=008  160323c\\\\9999\\\\\\\\\\\\\\0\\\a0eng\\
=FMT  \\$a  SE
=022  \\$a2366-3294
=037  \\$a???$bSpringer
=040  \\$aUk$beng$cUk
=082  04$a910.285$221
=245  00$aSpatial information research.
=264  \1$aSingapore:$bSpringer,$c2016-
=336  \\$atext$2rdacontent
=337  \\$acomputer$2rdamedia
=338  \\$aonline resource$2rdacarrier
=540  \\$aCurrent copyright fee: GBP29.95$c22\1$5Uk
=856  \\$31850-9999$uhttp://link.springer.com/$xBLDSS
=859  \\$aELD$bejournal
=852  41$aBritish Library$bHMNTS$jELD Digital store$3Volume 26:Issue 1(2018)-
=945  \\$aSpatial information research.
=979  \\$aBritish Library$bDSC$j8361.785190N
=985  \\$a3rd party access title for Remote supply please retain as base record when merging/deleting
=CAT  \\$a5552$b40$c20160323$lBLL01$h1335
=CAT  \\$aBLDSS-3PM$b00$c20160329$lBLL01$h1140
=CAT  \\$aIPL-CLA$c20160331$lBLL01$h1821
=CAT  \\$aBATCH-UPD$b00$c20160413$lBLL01$h1830
=CAT  \\$aBATCH-UPD$b00$c20160524$lBLL01$h2216
=CAT  \\$aBATCH-UPD$b00$c20160525$lBLL01$h0100
=CAT  \\$aBATCH-UPD$b00$c20160824$lBLL01$h1750
=CAT  \\$aIPL-CLA$c20160930$lBLL01$h1645
=CAT  \\$a5552$b40$c20170124$lBLL01$h0919
=CAT  \\$a5410$b40$c20170124$lBLL01$h1315
=CAT  \\$a5410$b40$c20170130$lBLL01$h1222
=CAT  \\$a5410$b40$c20170206$lBLL01$h1133
=CAT  \\$aBATCH-UPD$b40$c20170216$lBLL01$h1837
=CAT  \\$aIPL-CLA$c20170331$lBLL01$h1925
=CAT  \\$aBATCH-UPD$b00$c20170904$lBLL01$h1846
=CAT  \\$aIPL-CLA$c20170929$lBLL01$h1810
=CAT  \\$aBATCH-UPD$b00$c20180223$lBLL01$h1706
=CAT  \\$aIPL-CLA$c20180331$lBLL01$h1715
=CAT  \\$aBATCH-UPD$b00$c20180524$lBLL01$h1709
=CAT  \\$aIPL-CLA$c20180630$lBLL01$h1944
=CAT  \\$a5410$b40$c20191204$lBLL01$h0918
=CAT  \\$a15005$b40$c20210419$lBLL01$h1021
=CAT  \\$aBATCH-UPD$b40$c20221121$lBLL01$h1407
=CAT  \\$aIPL-CLA$c20221231$lBLL01$h1454
=CFI  0\$aCurrent copyright fee: GBP29.95$c22\1$e01-jan-2023$fGBP29.95$g0$hP$5Uk
=CFI  2\$aPrevious copyright fee: GBP34.00$c22\1$e01-jul-2018$fGBP34.00$g0$hP$5Uk
=FFP  \\$aY$bBLDSS-3PM
=MNI  \\$a2366-3286
=TOC  \\$aETOC
=UNO  \\$aY
=ACF  \\$aPrevious Copyright Fee: GBP25.77$c22\1$e23-mar-2016$fGBP25.77$g0$hP$5Uk
=ACF  \\$aPrevious Copyright Fee: GBP27.55$c22\1$e01-apr-2016$fGBP27.55$g0$hP$5Uk
=ACF  \\$aPrevious copyright fee: GBP29.59$c22\1$e01-oct-2016$fGBP29.59$g0$hP$5Uk
=ACF  \\$aPrevious copyright fee: GBP31.96$c22\1$e01-apr-2017$fGBP31.96$g0$hP$5Uk
=ACF  \\$aPrevious copyright fee: GBP30.73$c22\1$e01-oct-2017$fGBP30.73$g0$hP$5Uk
=ACF  \\$aPrevious copyright fee: GBP28.54$c22\1$e01-apr-2018$fGBP28.54$g0$hP$5Uk
=LAS  \\$aIPL-CLA$b00$c20221231$lBLL01$h1454

