=LDR  03949cas a22008773i 4500
=001  017828567
=003  Uk
=005  20230930081119.0
=006  m\\\\\\\\d\|\\\\\\
=007  cr\|||||||||||
=008  160308uuuuuuuuuch\uu\p\o\\\\\0\\\e0chi\\
=FMT  \\$a  SE
=022  \\$a1673-4173
=037  \\$aISSN_16734173_74$bPortico$nLippincott Williams & Wilkins
=040  \\$aUk$beng$cUk
=222  \0$aGuoji pifu xingbingxue zazhi
=245  00$6880-01$aGuo Ji Pi Fu Xing Bing Xue Za Zhi.
=246  3\$aInternational Journal of Dermatology and Venereology
=264  \1$a[China] :$b[Zhong Hua Yi Xue Hui Zhong Guo Yi Xue Ke Xue Yuan Pi Fu Bing Yan Jiu Suo]
=336  \\$atext$2rdacontent
=337  \\$acomputer$2rdamedia
=338  \\$aonline resource$2rdacarrier
=588  \\$aDescription based on: China/Asia On Demand webpage.
=540  \\$aCurrent copyright fee: GBP24.17$c44\0$5Uk
=655  \7$aPeriodicals.$2fast$0(OCoLC)fst01411641
=880  00$6245-01$a
=856  \\$31850-9999$uhttp://caod.oriprobe.com/$xBLDSS
=859  \\$aELD$bejournal
=852  41$aBritish Library$bHMNTS$jELD Digital store
=985  \\$aCAOD - do not merge with any other records
=985  \\$aUpdated by MS generated file for WR2302-017
=CAT  \\$aWR16_045$b00$c20160430$lBLL01$h0943
=CAT  \\$aBATCH-UPD$b00$c20180823$lBLL01$h2001
=CAT  \\$aIPL-CLA$c20180930$lBLL01$h1520
=CAT  \\$aBATCH-UPD$b00$c20190829$lBLL01$h1602
=CAT  \\$aIPL-CLA$c20190930$lBLL01$h1657
=CAT  \\$aBATCH-UPD$b00$c20200219$lBLL01$h1550
=CAT  \\$aIPL-CLA$c20200331$lBLL01$h1636
=CAT  \\$aBATCH-UPD$b00$c20200522$lBLL01$h1525
=CAT  \\$aIPL-CLA$c20200701$lBLL01$h0122
=CAT  \\$aBATCH-UPD$b00$c20210226$lBLL01$h1108
=CAT  \\$aIPL-CLA$c20210331$lBLL01$h1907
=CAT  \\$a15005$b40$c20210521$lBLL01$h1348
=CAT  \\$a5552$b40$c20210609$lBLL01$h0848
=CAT  \\$aBATCH-UPD$b40$c20210707$lBLL01$h1631
=CAT  \\$aIPL-CLA$c20210707$lBLL01$h1845
=CAT  \\$a10806$b40$c20211126$lBLL01$h0752
=CAT  \\$aBATCH-UPD$b40$c20220520$lBLL01$h1713
=CAT  \\$aIPL-CLA$c20220630$lBLL01$h1540
=CAT  \\$a14586$b40$c20220704$lBLL01$h1633
=CAT  \\$a6811$b40$c20220728$lBLL01$h1440
=CAT  \\$aBATCH-UPD$b40$c20220824$lBLL01$h0934
=CAT  \\$aIPL-CLA$c20220930$lBLL01$h1430
=CAT  \\$aW2302-0174$c20230223$lBLL01$h2008
=CAT  \\$a14586$b40$c20230505$lBLL01$h1223
=CAT  \\$aBATCH-UPD$b40$c20230824$lBLL01$h1151
=CAT  \\$aIPL-CLA$c20230930$lBLL01$h0811
=CFI  0\$aCurrent copyright fee: GBP24.17$c44\0$e01-oct-2023$fGBP24.17$g0$hP$5Uk
=CFI  2\$aPrevious copyright fee: GBP20.83$c44\0$e01-oct-2022$fGBP20.83$g0$hP$5Uk
=FFP  \\$aY$bBLDSS-3PM
=FIN  \\$aY$d20160430
=MNI  \\$a1673-4173
=SRC  \\$aChina/Asia On Demand$bCAOD_20160430
=ACF  \\$aPrevious copyright fee: GBP17.24$c44\0$e01-apr-2016$fGBP17.24$g0$hP$5Uk
=ACF  \\$aPrevious copyright fee: GBP18.52$c44\0$e01-oct-2016$fGBP18.52$g0$hP$5Uk
=ACF  \\$aPrevious copyright fee: GBP20.00$c44\0$e01-apr-2017$fGBP20.00$g0$hP$5Uk
=ACF  \\$aPrevious copyright fee: GBP19.23$c44\0$e01-oct-2017$fGBP19.23$g0$hP$5Uk
=ACF  \\$aPrevious copyright fee: GBP17.86$c44\0$e01-apr-2018$fGBP17.86$g0$hP$5Uk
=ACF  \\$aPrevious copyright fee: GBP19.23$c44\0$e01-oct-2018$fGBP19.23$g0$hP$5Uk
=ACF  \\$aPrevious copyright fee: GBP20.00$c44\0$e01-oct-2019$fGBP20.00$g0$hP$5Uk
=ACF  \\$aPrevious copyright fee: GBP19.23$c44\0$e01-apr-2020$fGBP19.23$g0$hP$5Uk
=ACF  \\$aPrevious copyright fee: GBP20.00$c44\0$e01-jul-2020$fGBP20.00$g0$hP$5Uk
=ACF  \\$aPrevious copyright fee: GBP18.52$c44\0$e01-apr-2021$fGBP18.52$g0$hP$5Uk
=ACF  \\$aPrevious copyright fee: GBP17.86$c44\0$e07-jul-2021$fGBP17.86$g0$hP$5Uk
=ACF  \\$aPrevious copyright fee: GBP20.00$c44\0$e01-jul-2022$fGBP20.00$g0$hP$5Uk
=LAS  \\$aIPL-CLA$b00$c20230930$lBLL01$h0811

