=LDR  02078cas a22005537a 4500
=001  017838498
=003  Uk
=005  20231009081103.0
=007  ta
=008  160506c\\\\9999\\\\\\\\\\\\\\0\\\a0eng\\
=FMT  \\$a  SE
=022  \\$a2529-8968
=037  \\$aISSN_23863781_21$bPortico$nTaylor & Francis
=040  \\$aUk$beng$cUk
=082  04$a553.7$223
=245  00$aRibagua.
=264  \1$a[Barcelona] :$bElsevier Espana$c2015-
=336  \\$atext$2rdacontent
=337  \\$acomputer$2rdamedia
=338  \\$aonline resource$2rdacarrier
=540  \\$aCurrent copyright fee: zero$c2\0$5Uk
=856  \\$31850-9999$uhttp://www.sciencedirect.com/$xBLDSS
=859  \\$aELD$bejournal
=852  41$aBritish Library$bHMNTS$jELD Digital store$3Volume 3:Issue 1(2016)-
=945  \\$aRibagua.
=979  \\$aBritish Library$bDSC$j7963.754200N
=985  \\$a3rd party access title for Remote supply please retain as base record when merging/deleting
=CAT  \\$a5552$b40$c20160506$lBLL01$h0915
=CAT  \\$aBLDSS-3PM$b00$c20160509$lBLL01$h1554
=CAT  \\$a5552$b40$c20160616$lBLL01$h0908
=CAT  \\$a10983$b40$c20170407$lBLL01$h0908
=CAT  \\$a5552$b40$c20170524$lBLL01$h1340
=CAT  \\$aBATCH-UPD$b40$c20171121$lBLL01$h1651
=CAT  \\$aW1711-1005$c20171206$lBLL01$h1829
=CAT  \\$aIPL-CLA$c20171231$lBLL01$h1832
=CAT  \\$a10983$b40$c20180604$lBLL01$h0947
=CAT  \\$aBATCH-UPD$b40$c20181217$lBLL01$h1641
=CAT  \\$a5552$b40$c20181219$lBLL01$h1356
=CAT  \\$aIPL-CLA$c20181231$lBLL01$h1555
=CAT  \\$a5410$b40$c20231003$lBLL01$h1033
=CAT  \\$a5410$b40$c20231009$lBLL01$h0811
=CFI  0\$aCurrent copyright fee: zero$c2\0$e01-jan-2019$fGBP0.00$g0$hP$5Uk
=CFI  2\$aPrevious copyright fee: GBP30.00$c2\0$e01-jan-2018$fGBP30.00$g0$hP$5Uk
=FFP  \\$aY$bBLDSS-3PM
=MNI  \\$a2386-3781
=TOC  \\$aETOC
=ACF  \\$aPrevious copyright fee: zero$c5\1$e06-may-2016$fGBP0.00$g0$hP$5Uk
=ACF  \\$aPrevious copyright fee: GBP28.00$c2\0$e24-may-2017$fGBP28.00$g0$hP$5Uk
=LAS  \\$a5410$b40$c20231009$lBLL01$h0811

