=LDR  02267cas a22005897a 4500
=001  017866120
=003  Uk
=005  20230926074813.0
=006  m\\\\\\\\d\|||||||
=007  cr\|||||||||||
=008  160603c20169999enkar\p\\\\\\\0\\\a0eng\\
=FMT  \\$a  SE
=022  \\$a2469-9322
=037  \\$aISSN_24699322$bPortico$nTaylor & Francis
=040  \\$aUk$beng$cUk
=082  04$a617.90285$223
=130  0\$aComputer assisted surgery (Abingdon, England)
=210  0\$aComput. assist. surg.
=222  \0$aComputer assisted surgery
=245  00$aComputer assisted surgery.
=264  \1$aAbingdon, Oxon, UK :$bTaylor & Francis$c2016-
=300  \\$a1 online resource
=336  \\$atext$2rdacontent
=337  \\$acomputer$2rdamedia
=338  \\$aonline resource$2rdacarrier
=362  1\$aBegan with: Volume 21, Issue 1 (2016)
=540  \\$aCurrent copyright fee: zero$c2\0$5Uk
=650  \0$aComputer-assisted surgery$vPeriodicals.
=780  00$tComputer aided surgery (New York, N.Y. : Online)$x1097-0150
=856  \\$31850-9999$uhttp://www.tandfonline.com/$xBLDSS
=859  \\$aELD$bejournal
=852  41$aBritish Library$bHMNTS$jELD Digital store$3Volume 21:Issue 1(2016)-
=945  \\$aComputer assisted surgery.
=959  \\$fHeld but not currently received
=979  \\$aBritish Library$bDSC$j3393.649800N
=985  \\$a3rd party access title for Remote supply please retain as base record when merging/deleting
=CAT  \\$a5552$b40$c20160603$lBLL01$h1356
=CAT  \\$aBLDSS-3PM$b00$c20160607$lBLL01$h1621
=CAT  \\$aBATCH-UPD$b00$c20160607$lBLL01$h1622
=CAT  \\$a10983$b40$c20161230$lBLL01$h1518
=CAT  \\$a10983$b40$c20170216$lBLL01$h1026
=CAT  \\$aW1711-1005$c20171206$lBLL01$h1829
=CAT  \\$a8874$b40$c20181214$lBLL01$h0748
=CAT  \\$a5410$b40$c20191216$lBLL01$h0914
=CAT  \\$a12654$b40$c20230906$lBLL01$h0818
=CAT  \\$a5410$b40$c20230913$lBLL01$h1212
=CAT  \\$a5410$b40$c20230926$lBLL01$h0748
=CFI  0\$aCurrent copyright fee: zero$c2\0$e03-jun-2016$fGBP0.00$g0$hP$5Uk
=FFP  \\$aY$bBLDSS-3PM
=LKR  \\$aPAR$b013352330$lBLL01$r78000$mComputer assisted surgery$nComputer aided surgery (New York, N.Y. : Online)
=TOC  \\$aETOC
=LAS  \\$a5410$b40$c20230926$lBLL01$h0748

