=LDR  02792cas a22006857a 4500
=001  017867569
=003  Uk
=005  20221231145413.0
=006  m\\\\\\\\d\|||||||
=007  cr\|||||||||||
=008  160606c\\\\9999\\\\\\\\\\\\\\0\\\a0eng\\
=FMT  \\$a  SE
=022  \\$a2381-2354
=037  \\$aISSN_23812346$bPortico$nTaylor & Francis
=040  \\$aUk$beng$cUk
=082  04$a338.889510$223
=245  00$aJournal of Chinese governance.
=264  \1$a[Oxford, UK :$bTaylor & Francis]
=336  \\$atext$2rdacontent
=337  \\$acomputer$2rdamedia
=338  \\$aonline resource$2rdacarrier
=540  \\$aCurrent copyright fee: GBP37.00$c2\0$5Uk
=856  \\$31850-9999$uhttp://www.tandfonline.com/$xBLDSS
=859  \\$aELD$bejournal
=852  41$aBritish Library$bHMNTS$jELD Digital store$3Volume 1:Issue 1(2016)-
=945  \\$aJournal of Chinese governance.
=979  \\$aBritish Library$bDSC$j4958.041000N
=985  \\$a3rd party access title for Remote supply please retain as base record when merging/deleting
=CAT  \\$a5552$b40$c20160606$lBLL01$h1219
=CAT  \\$aBLDSS-3PM$b00$c20160616$lBLL01$h1558
=CAT  \\$aBATCH-UPD$b00$c20160616$lBLL01$h1559
=CAT  \\$aBATCH-UPD$b00$c20161122$lBLL01$h1515
=CAT  \\$aIPL-CLA$c20161231$lBLL01$h0026
=CAT  \\$a10983$b40$c20170221$lBLL01$h1549
=CAT  \\$aBATCH-UPD$b40$c20171121$lBLL01$h1651
=CAT  \\$aW1711-1005$c20171206$lBLL01$h1829
=CAT  \\$aIPL-CLA$c20171231$lBLL01$h1832
=CAT  \\$aBATCH-UPD$b00$c20181217$lBLL01$h1641
=CAT  \\$aIPL-CLA$c20181231$lBLL01$h1555
=CAT  \\$a5410$b40$c20190808$lBLL01$h1104
=CAT  \\$a5552$b40$c20190812$lBLL01$h0911
=CAT  \\$a5410$b40$c20190821$lBLL01$h1551
=CAT  \\$a5410$b40$c20190821$lBLL01$h1552
=CAT  \\$aBATCH-UPD$b40$c20191122$lBLL01$h1903
=CAT  \\$aIPL-CLA$c20191231$lBLL01$h2043
=CAT  \\$aBATCH-UPD$b00$c20201118$lBLL01$h1337
=CAT  \\$aIPL-CLA$c20201231$lBLL01$h1534
=CAT  \\$aBATCH-UPD$b00$c20221121$lBLL01$h1350
=CAT  \\$aIPL-CLA$c20221231$lBLL01$h1454
=CFI  0\$aCurrent copyright fee: GBP37.00$c2\0$e01-jan-2023$fGBP37.00$g0$hP$5Uk
=CFI  2\$aPrevious copyright fee: GBP35.00$c2\0$e01-jan-2021$fGBP35.00$g0$hP$5Uk
=FFP  \\$aY$bBLDSS-3PM
=MNI  \\$a2381-2346
=TOC  \\$aETOC
=ACF  \\$aPrevious copyright fee: GBP26.00$c2\0$e06-jun-2016$fGBP26.00$g0$hP$5Uk
=ACF  \\$aPrevious copyright fee: GBP28.00$c2\0$e01-jan-2017$fGBP28.00$g0$hP$5Uk
=ACF  \\$aPrevious copyright fee: GBP30.00$c2\0$e01-jan-2018$fGBP30.00$g0$hP$5Uk
=ACF  \\$aPrevious copyright fee: GBP32.00$c2\0$e01-jan-2019$fGBP32.00$g0$hP$5Uk
=ACF  \\$aPrevious copyright fee: GBP34.00$c2\0$e01-jan-2020$fGBP34.00$g0$hP$5Uk
=LAS  \\$aIPL-CLA$b00$c20221231$lBLL01$h1454

