=LDR  01730cas a22004817a 4500
=001  017881032
=003  Uk
=005  20210224111033.0
=006  m\\\\\\\\d\|||||||
=007  cr\|||||||||||
=008  160615c\\\\9999\\\\\\\\\\\\\\0\\\a0eng\\
=FMT  \\$a  SE
=022  \\$a2444-8664
=037  \\$aISSN_24448664_74$bPortico$nLippincott Williams & Wilkins
=040  \\$aUk$beng$cUk
=082  04$a610.28$223
=245  00$aPorto biomedical journal
=264  \1$aBarcelona :$bElsevier$c2016-
=336  \\$atext$2rdacontent
=337  \\$acomputer$2rdamedia
=338  \\$aonline resource$2rdacarrier
=540  \\$aCurrent copyright fee: zero$c20\0$5Uk
=856  \\$31850-9999$uhttp://www.sciencedirect.com/$xBLDSS
=859  \\$aELD$bejournal
=852  41$aBritish Library$bHMNTS$jELD Digital store$3Volume 1:Issue 1(2016)-
=945  \\$aPorto biomedical journal
=979  \\$aBritish Library$bDSC$j6555.690000N
=985  \\$a3rd party access title for Remote supply please retain as base record when merging/deleting
=CAT  \\$a5552$b40$c20160615$lBLL01$h1049
=CAT  \\$aBLDSS-3PM$b00$c20160620$lBLL01$h1456
=CAT  \\$aBATCH-UPD$b00$c20160620$lBLL01$h1459
=CAT  \\$a5552$b40$c20180822$lBLL01$h1106
=CAT  \\$a15005$b40$c20190716$lBLL01$h1131
=CAT  \\$a5552$b40$c20210215$lBLL01$h0734
=CAT  \\$a5410$b40$c20210215$lBLL01$h1042
=CAT  \\$a5410$b40$c20210224$lBLL01$h1109
=CAT  \\$a5410$b40$c20210224$lBLL01$h1110
=CFI  0\$aCurrent copyright fee: zero$c20\0$e22-aug-2018$fGBP0.00$g0$hP$5Uk
=CFI  2\$aPrevious copyright fee: zero$c5\1$e15-jun-2016$fGBP0.00$g0$hP$5Uk
=FFP  \\$aY$bBLDSS-3PM
=TOC  \\$aETOC
=UNO  \\$aY
=LAS  \\$a5410$b40$c20210224$lBLL01$h1110

