=LDR  02346cas a22005898i 4500
=001  017896010
=003  Uk
=005  20200806134838.0
=006  m\\\\\\\\d\|\\\\\\
=007  cr||||||||||||
=008  160628c20169999enkqr\p\o\\\\\0\\\a0eng\\
=FMT  \\$a  SE
=022  0\$a2398-7324
=037  \\$aISSN_23987324$bPortico$nWiley
=040  \\$aUk$beng$cUk$erda
=222  \0$aPrecision radiation oncology
=245  00$aPrecision radiation oncology.
=263  \\$a201612
=264  \1$aQueensland, Australia :$bJohn Wiley & Sons Australia, Ltd
=310  \\$aQuarterly
=336  \\$atext$2rdacontent
=337  \\$acomputer$2rdamedia
=338  \\$aonline resource$2rdacarrier
=540  \\$aCurrent Copyright Fee: zero$c35\0$5Uk
=859  \\$aELD$bejournal
=856  \\$31850-9999$uhttp://onlinelibrary.wiley.com/$xBLDSS
=852  41$aBritish Library$bHMNTS$jELD Digital store$3Volume 1:Issues 1(2017)-
=945  \\$aPrecision radiation oncology.
=979  \\$aBritish Library$bDSC$j6603.010400N
=985  \\$aISSN UK: Record created by ISSN UK in absence of clarity in Multinational Publisher List. 'enk' used in 008 to enable migration to Portal. Please pass any problems to Richard (28/06/16)
=985  \\$aISSN responsibility transferred to U.S. ISSN Center from ISSN UK Centre, Wiley, Multinational Publisher List, Summer 2017.
=CAT  \\$a10806$b40$c20160628$lBLL01$h1204
=CAT  \\$a10806$b40$c20160628$lBLL01$h1307
=CAT  \\$a10806$b40$c20160628$lBLL01$h1308
=CAT  \\$a10806$b40$c20160628$lBLL01$h1329
=CAT  \\$a6790$b40$c20161205$lBLL01$h1005
=CAT  \\$a10983$b40$c20170406$lBLL01$h1534
=CAT  \\$aW1711-1005$c20171206$lBLL01$h1829
=CAT  \\$a7152$b40$c20171213$lBLL01$h1324
=CAT  \\$a5552$b40$c20180910$lBLL01$h1129
=CAT  \\$aBLDSS-3PM$b00$c20180928$lBLL01$h0855
=CAT  \\$aBATCH-UPD$b00$c20180928$lBLL01$h0856
=CAT  \\$a5410$b40$c20180928$lBLL01$h1129
=CAT  \\$aR1911-0245$c20191127$lBLL01$h1037
=CAT  \\$aIPL-CLA$c20191231$lBLL01$h2043
=CAT  \\$a5410$b40$c20200806$lBLL01$h1348
=CFI  0\$aCurrent Copyright Fee: zero$c35\0$e01-jan-2020$fGBP0.00$g0$hP$5Uk
=CFI  2\$aPrevious copyright fee: zero$c35\0$e10-sep-2018$fGBP0.00$g0$hP$5Uk
=FFP  \\$aY$bBLDSS-3PM
=TOC  \\$aETOC
=UNO  \\$aY
=LAS  \\$a5410$b40$c20200806$lBLL01$h1348

