=LDR  02044cas a22005778i 4500
=001  017975747
=003  Uk
=005  20191231204326.0
=006  m\\\\\\\\d\|\\\\\\
=007  cr||||||||||||
=008  160815c20179999enkmr\p\o\\\\\0\\\a0eng\\
=FMT  \\$a  SE
=022  0\$a2398-8835
=037  \\$aISSN_23988835$bPortico$nWiley
=040  \\$aUk$beng$cUk$erda
=082  04$a610$221
=222  \0$aHealth science reports
=245  00$aHealth science reports.
=263  \\$a201801
=264  \1$aChichester :$bWiley-Blackwell
=310  \\$aMonthly
=336  \\$atext$2rdacontent
=337  \\$acomputer$2rdamedia
=338  \\$aonline resource$2rdacarrier
=540  \\$aCurrent Copyright Fee: zero$c35\0$5Uk
=859  \\$aELD$bejournal
=856  \\$31850-9999$uhttp://onlinelibrary.wiley.com/$xBLDSS
=852  41$aBritish Library$bHMNTS$jELD Digital store$3Volume 1:Issue 1(2018)-
=945  \\$aHealth science reports.
=979  \\$aBritish Library$bDSC$j4275.106595N
=985  \\$aISSN responsibility passed to U.S. ISSN Center prior to completion (Richard, 11/06/18)
=CAT  \\$a10973$b40$c20160815$lBLL01$h1153
=CAT  \\$a6790$b40$c20161201$lBLL01$h1217
=CAT  \\$a10983$b40$c20170406$lBLL01$h1528
=CAT  \\$a10973$b40$c20170725$lBLL01$h1539
=CAT  \\$aW1711-1005$c20171205$lBLL01$h2213
=CAT  \\$a10983$b40$c20180406$lBLL01$h0804
=CAT  \\$a10983$b40$c20180410$lBLL01$h0751
=CAT  \\$a10806$b40$c20180611$lBLL01$h1451
=CAT  \\$a5552$b40$c20190613$lBLL01$h1441
=CAT  \\$aBLDSS-3PM$b00$c20190617$lBLL01$h1550
=CAT  \\$aBATCH-UPD$b00$c20190617$lBLL01$h1550
=CAT  \\$a5410$b40$c20190802$lBLL01$h1155
=CAT  \\$aR1911-0245$c20191127$lBLL01$h1037
=CAT  \\$aIPL-CLA$c20191231$lBLL01$h2043
=CFI  0\$aCurrent Copyright Fee: zero$c35\0$e01-jan-2020$fGBP0.00$g0$hP$5Uk
=CFI  2\$aPrevious copyright fee: GBP28.00$c35\0$e13-jun-2019$fGBP28.00$g0$hP$5Uk
=FFP  \\$aY$bBLDSS-3PM
=TOC  \\$aETOC
=UNO  \\$aY
=LAS  \\$aIPL-CLA$b00$c20191231$lBLL01$h2043

