=LDR  05477cas a2201249 a 4500
=001  017980168
=003  Uk
=005  20220930143011.0
=006  m\\\\\o\\d\\\\\\\\
=007  cr\unu||||||||
=008  040518c19889999xx\qr\pso\\\\\0\\\a0eng\c
=FMT  \\$a  SE
=010  \\$a  2004236700$z  2008262254
=015  \\$aGBB6K8542$2bnb
=022  \\$a1705-7051
=035  \\$a(OCoLC)55200418$z(OCoLC)60629740$z(OCoLC)212936298
=037  \\$acjn$bSage (UK) Ltd
=040  \\$aHUL$beng$cHUL$dOCLCQ$dTXA$dCGU$dOCLCQ$dOCLCF$dOCLCO$dNKB$dOCLCQ$dOCLCO$dOCLCQ$dUk
=041  0\$aeng$afre
=042  \\$aukblsr
=043  \\$an-cn---
=050  14$aRT1$b.N784
=060  \4$aW1$bCA596N
=082  04$a610.73097105$223
=130  0\$aCanadian journal of nursing research (Online)
=222  \0$aCanadian journal of nursing research$b(Online)
=245  14$aThe Canadian journal of nursing research =$bRevue canadienne de recherche en sciences infirmieres.
=246  30$aNursing papers
=246  31$aRevue canadienne de recherche en sciences infirmieres
=246  1\$iIssues for 2003- have title:$aCJNR
=246  13$aRCRSI
=260  \\$a[Montreal] :$bMcGill University, School of Nursing,$c1988-
=264  31$a[place of publication not identified] :$bSAGE Publications
=310  \\$aQuarterly
=336  \\$atext$2rdacontent
=337  \\$acomputer$2rdamedia
=338  \\$aonline resource$2rdacarrier
=362  1\$aBegan with: Vol. 20, no. 1 (spring 1988).
=500  \\$aIssues for spring 1988- also have title of previous publication Nursing papers, on cover.
=500  \\$aIssues for 2003- lack title in French.
=538  \\$aMode of access: World Wide Web.
=546  \\$aArticles chiefly in English with some in French; summaries in the other language.
=588  \\$aDescription based on first issue; title from cover image (McGill site, viewed Mar. 9, 2008).
=588  \\$aLatest issue consulted: vol. 48 (3-4) (2016) (SAGE journals, viewed December 21, 2016).
=540  \\$aCurrent copyright fee: GBP36.32$c103\0$5Uk
=650  \0$aNursing$vPeriodicals.
=650  \0$aNursing$zCanada$vPeriodicals.
=650  \0$aNursing$xResearch$vPeriodicals.
=650  \2$aNursing Research.
=651  \2$aCanada.
=650  \7$aNursing.$2fast$0(OCoLC)fst01041731
=650  \7$aNursing$xResearch.$2fast$0(OCoLC)fst01041814
=651  \7$aCanada.$2fast$0(OCoLC)fst01204310
=655  \7$aPeriodicals.$2fast$0(OCoLC)fst01411641
=710  2\$aMcGill University.$bSchool of Nursing.
=776  08$iPrint version, -2013:$tCanadian journal of nursing research$x0844-5621
=780  00$tNursing papers
=859  \\$aELD$bejournal
=856  \\$31850-9999$uhttp://www.sagepublications.com/$xBLDSS
=852  41$aBritish Library$bHMNTS$jELD Digital store$3Volume 48:Issue 1(2016)-***Previous issues available in print copy
=945  \\$aCanadian journal of nursing research.
=979  \\$aBritish Library$cDSC$j3033.400000
=CAT  \\$a14586$b40$c20160818$lBLL01$h1604
=CAT  \\$a3072$b40$c20161221$lBLL01$h1636
=CAT  \\$a10983$b40$c20170307$lBLL01$h0846
=CAT  \\$aW1711-1005$c20171206$lBLL01$h1829
=CAT  \\$a5552$b40$c20180314$lBLL01$h1201
=CAT  \\$aBLDSS-3PM$b00$c20180321$lBLL01$h1004
=CAT  \\$aBATCH-UPD$b00$c20180321$lBLL01$h1005
=CAT  \\$aIPL-CLA$c20180331$lBLL01$h1719
=CAT  \\$aBATCH-UPD$b00$c20180823$lBLL01$h1856
=CAT  \\$aIPL-CLA$c20180930$lBLL01$h1521
=CAT  \\$aBATCH-UPD$b00$c20190521$lBLL01$h1344
=CAT  \\$aIPL-CLA$c20190630$lBLL01$h1549
=CAT  \\$aBATCH-UPD$b00$c20190829$lBLL01$h1426
=CAT  \\$aIPL-CLA$c20190930$lBLL01$h1658
=CAT  \\$aBATCH-UPD$b00$c20200219$lBLL01$h1417
=CAT  \\$aIPL-CLA$c20200331$lBLL01$h1636
=CAT  \\$aBATCH-UPD$b00$c20200522$lBLL01$h1409
=CAT  \\$aIPL-CLA$c20200701$lBLL01$h0123
=CAT  \\$aBATCH-UPD$b00$c20210226$lBLL01$h0949
=CAT  \\$aIPL-CLA$c20210331$lBLL01$h1704
=CAT  \\$aBATCH-UPD$b00$c20210707$lBLL01$h1513
=CAT  \\$aIPL-CLA$c20210707$lBLL01$h1845
=CAT  \\$aBATCH-UPD$b00$c20220520$lBLL01$h1540
=CAT  \\$aIPL-CLA$c20220630$lBLL01$h1540
=CAT  \\$aBATCH-UPD$b00$c20220824$lBLL01$h0816
=CAT  \\$aIPL-CLA$c20220930$lBLL01$h1430
=CFI  0\$aCurrent copyright fee: GBP36.32$c103\0$e01-oct-2022$fGBP36.32$g0$hP$5Uk
=CFI  2\$aPrevious copyright fee: GBP34.86$c103\0$e01-jul-2022$fGBP34.86$g0$hP$5Uk
=FFP  \\$aY$bBLDSS-3PM
=FIN  \\$aY$d20161221
=LET  \0$aCanadian journal of nursing research (Electronic)
=MNI  \\$a0844-5621
=SID  \\$aZ39$bOCLC
=TOC  \\$aETOC
=UNO  \\$aY
=ACF  \\$aPrevious copyright fee: GBP30.77$c103\0$e14-mar-2018$fGBP30.77$g0$hP$5Uk
=ACF  \\$aPrevious copyright fee: GBP28.57$c103\0$e01-apr-2018$fGBP28.57$g0$hP$5Uk
=ACF  \\$aPrevious copyright fee: GBP30.77$c103\0$e01-oct-2018$fGBP30.77$g0$hP$5Uk
=ACF  \\$aPrevious copyright fee: GBP32.31$c103\0$e01-jul-2019$fGBP32.31$g0$hP$5Uk
=ACF  \\$aPrevious copyright fee: GBP33.60$c103\0$e01-oct-2019$fGBP33.60$g0$hP$5Uk
=ACF  \\$aPrevious copyright fee: GBP33.52$c103\0$e01-apr-2020$fGBP33.52$g0$hP$5Uk
=ACF  \\$aPrevious copyright fee: GBP34.86$c103\0$e01-jul-2020$fGBP34.86$g0$hP$5Uk
=ACF  \\$aPrevious copyright fee: GBP32.28$c103\0$e01-apr-2021$fGBP32.28$g0$hP$5Uk
=ACF  \\$aPrevious copyright fee: GBP31.13$c103\0$e07-jul-2021$fGBP31.13$g0$hP$5Uk
=LAS  \\$aIPL-CLA$b00$c20220930$lBLL01$h1430

