=LDR  01559cas a22004457a 4500
=001  018070399
=003  Uk
=005  20191108183527.0
=006  m\\\\\\\\d\|||||||
=007  cr\|||||||||||
=008  161020c\\\\9999enk\\\\\\\\\\\0\\\a0eng\\
=FMT  \\$a  SE
=022  \\$a2452-2317
=037  \\$aISSN_24522317$bPortico$nElsevier
=040  \\$aUk$beng$cUk
=245  00$aHuman microbiome journal.
=264  \1$aLondon :$bElsevier$c2015-
=336  \\$atext$2rdacontent
=337  \\$acomputer$2rdamedia
=338  \\$aonline resource$2rdacarrier
=540  \\$aCurrent copyright fee: zero$c5\1$5Uk
=859  \\$aELD$bejournal
=856  \\$31850-9999$uhttp://www.sciencedirect.com/$xBLDSS
=852  41$aBritish Library$bHMNTS$jELD Digital store$3Volume 1(2016)-Volume 20(2021)
=945  \\$aHuman microbiome journal.
=979  \\$aBritish Library$bDSC$j4336.197000N
=985  \\$aUpgraded by BSS-generated file for WR1910-0531
=CAT  \\$a5552$b40$c20161020$lBLL01$h0914
=CAT  \\$a5552$b40$c20161020$lBLL01$h0915
=CAT  \\$aBLDSS-3PM$b00$c20161102$lBLL01$h1054
=CAT  \\$aBATCH-UPD$b00$c20161102$lBLL01$h1104
=CAT  \\$a14412$b40$c20161116$lBLL01$h0955
=CAT  \\$a14412$b40$c20161116$lBLL01$h1017
=CAT  \\$a14412$b40$c20161116$lBLL01$h1033
=CAT  \\$aW1711-1005$c20171206$lBLL01$h1829
=CAT  \\$aW1910-0531$b00$c20191108$lBLL01$h1835
=CFI  0\$aCurrent copyright fee: zero$c5\1$e20-oct-2016$fGBP0.00$g0$hP$5Uk
=FFP  \\$aY$bBLDSS-3PM
=MNI  \\$a2452-2317
=LAS  \\$aW1910-0531$b00$c20191108$lBLL01$h1835

