=LDR  01405cas a22003977a 4500
=001  018070719
=003  Uk
=005  20161116115648.0
=006  m\\\\\\\\d\|||||||
=007  cr\|||||||||||
=008  161020c\\\\9999\\\\\\\\\\\\\\0\\\a0eng\\
=FMT  \\$a  SE
=022  \\$a2451-943X
=037  \\$aISSN_2451943X$bPortico$nElsevier
=040  \\$aUk$beng$cUk
=245  00$aVeterinary and animal science.
=264  \1$aOxford :$bElsevier Ltd.$c2015-
=336  \\$atext$2rdacontent
=337  \\$acomputer$2rdamedia
=338  \\$aonline resource$2rdacarrier
=540  \\$aCurrent copyright fee: zero$c5\1$5Uk
=859  \\$aELD$bejournal
=856  \\$31850-9999$uhttp://www.sciencedirect.com/$xBLDSS
=852  41$aBritish Library$bHMNTS$jELD Digital store$3Volume 1/2(2016)-
=945  \\$aVeterinary and animal science.
=979  \\$aBritsh Library$bDSC$j9226.528600N
=985  \\$a3rd party access title for Remote supply please retain as base record when merging/deleting
=CAT  \\$a5552$b40$c20161020$lBLL01$h1428
=CAT  \\$aBLDSS-3PM$b00$c20161102$lBLL01$h1054
=CAT  \\$aBATCH-UPD$b00$c20161102$lBLL01$h1104
=CAT  \\$a14412$b40$c20161116$lBLL01$h1156
=CAT  \\$aW1711-1005$c20171206$lBLL01$h1829
=CFI  0\$aCurrent copyright fee: zero$c5\1$e20-oct-2016$fGBP0.00$g0$hP$5Uk
=FFP  \\$aY$bBLDSS-3PM
=MNI  \\$a2451-943X
=LAS  \\$aW1711-1005$b00$c20171206$lBLL01$h1829

