=LDR  01436cas a22003977a 4500
=001  018070734
=003  Uk
=005  20161116083734.0
=006  m\\\\\\\\d\|||||||
=007  cr\|||||||||||
=008  161020c\\\\9999\\\\\\\\\\\\\\0\\\a0eng\\
=FMT  \\$a  SE
=022  \\$a2468-2942
=037  \\$aISSN_24682942$bPortico$nElsevier
=040  \\$aUk$beng$cUk
=245  00$aCancer treatment and research communications.
=264  \1$aNew York :$bElsevier Inc.$c2016-
=336  \\$atext$2rdacontent
=337  \\$acomputer$2rdamedia
=338  \\$aonline resource$2rdacarrier
=540  \\$aCurrent copyright fee: zero$c5\1$5Uk
=859  \\$aELD$bejournal
=856  \\$31850-9999$uhttp://www.sciencedirect.com/$xBLDSS
=852  41$aBritish Library$bHMNTS$jELD Digital store$3Number 9(2016)-
=945  \\$aCancer treatment and research communications.
=979  \\$aBritish Library$bDSC$j3046.626000N
=985  \\$a3rd party access title for Remote supply please retain as base record when merging/deleting
=CAT  \\$a5552$b40$c20161020$lBLL01$h1448
=CAT  \\$aBLDSS-3PM$b00$c20161102$lBLL01$h1054
=CAT  \\$aBATCH-UPD$b00$c20161102$lBLL01$h1104
=CAT  \\$a14412$b40$c20161116$lBLL01$h0837
=CAT  \\$aW1711-1005$c20171206$lBLL01$h1829
=CFI  0\$aCurrent copyright fee: zero$c5\1$e15-jun-2016$fGBP0.00$g0$hP$5Uk
=FFP  \\$aY$bBLDSS-3PM
=MNI  \\$a2468-2942
=LAS  \\$aW1711-1005$b00$c20171206$lBLL01$h1829

