=LDR  01448cas a22004215i 4500
=001  018083138
=003  Uk
=005  20221007110710.0
=006  m\\\\\|\\d\|\\\\\\
=007  cr\|||||||||||
=008  161101d\\\\201u\\\\\\p\o\\\\\0\\\a0eng\\
=FMT  \\$a  SE
=022  \\$a1179-5697
=037  \\$ageg$bSage (UK) Ltd
=245  00$aGene expression to genetical genomics
=264  \1$bSage (UK) Ltd
=336  \\$atext$2rdacontent
=337  \\$acomputer$2rdamedia
=338  \\$aonline resource$2rdacarrier
=540  \\$aCurrent Copyright Fee: zero$c19\0$5Uk
=859  \\$aELD$bejournal
=856  \\$31850-9999$uhttp://www.uk.sagepub.com/home.nav$xBLDSS
=852  41$aBritish Library$bHMNTS$jELD Digital store$3Content not received
=945  \\$aGene expression to genetical genomics
=979  \\$aBritish Library$bDSC$j4096.402451N
=CAT  \\$a14448$b40$c20161101$lBLL01$h1230
=CAT  \\$a14586$b40$c20161109$lBLL01$h1600
=CAT  \\$a5552$b40$c20161220$lBLL01$h1423
=CAT  \\$aBATCH-UPD$b40$c20161221$lBLL01$h0140
=CAT  \\$aBLDSS-3PM$b00$c20170103$lBLL01$h1639
=CAT  \\$aBATCH-UPD$b00$c20170103$lBLL01$h1643
=CAT  \\$aW1711-1005$c20171206$lBLL01$h1829
=CAT  \\$a10806$b40$c20180316$lBLL01$h0911
=CAT  \\$a6490$b40$c20221007$lBLL01$h1107
=CFI  0\$aCurrent Copyright Fee: zero$c19\0$e20-dec-2016$fGBP0.00$g0$hP$5Uk
=FFP  \\$aY$bBLDSS-3PM
=UNO  \\$aY
=LAS  \\$a6490$b40$c20221007$lBLL01$h1107

