=LDR  01411cas a22004215i 4500
=001  018085695
=003  Uk
=005  20220914120709.0
=006  m\\\\\|\\d\|\\\\\\
=007  cr\|||||||||||
=008  161103d\\\\201u\\\\\\p\o\\\\\0\\\a0eng\\
=FMT  \\$a  SE
=022  \\$a2253-5004
=037  \\$ajge$bSage (UK) Ltd
=245  00$aJournal of Genomes and Exomes
=264  \1$bSage (UK) Ltd
=336  \\$atext$2rdacontent
=337  \\$acomputer$2rdamedia
=338  \\$aonline resource$2rdacarrier
=540  \\$aCurrent Copyright Fee: zero$c19\0$5Uk
=859  \\$aELD$bejournal
=856  \\$31850-9999$uhttp://www.uk.sagepub.com/home.nav$xBLDSS
=852  41$aBritish Library$bHMNTS$jELD Digital store
=945  \\$aJournal of Genomes and Exomes.
=979  \\$aBritish Library$bDSC$j4991.580000N
=CAT  \\$a11433$b40$c20161103$lBLL01$h0954
=CAT  \\$a14586$b40$c20161109$lBLL01$h1623
=CAT  \\$a5552$b40$c20161221$lBLL01$h0857
=CAT  \\$aBATCH-UPD$b40$c20161227$lBLL01$h2103
=CAT  \\$aBLDSS-3PM$b00$c20170103$lBLL01$h1639
=CAT  \\$aBATCH-UPD$b00$c20170103$lBLL01$h1643
=CAT  \\$aW1711-1005$c20171206$lBLL01$h1829
=CAT  \\$a10806$b40$c20180316$lBLL01$h0916
=CAT  \\$a6490$b40$c20220914$lBLL01$h1207
=CFI  0\$aCurrent Copyright Fee: zero$c19\0$e21-dec-2016$fGBP0.00$g0$hP$5Uk
=FFP  \\$aY$bBLDSS-3PM
=UNO  \\$aY
=LAS  \\$a6490$b40$c20220914$lBLL01$h1207

