=LDR  01314 as a22003975i 4500
=001  018087063
=003  Uk
=005  20171115134258.0
=006  m\\\\\|\\d\|\\\\\\
=007  cr\|||||||||||
=008  161104c\\\\9999\\\\\\p\o\\\\\0\\\a0eng\\
=FMT  \\$a  SE
=022  \\$a1178-6396
=037  \\$aoci$bSage (UK) Ltd
=245  00$aOrganic chemistry insights
=264  \1$bSage (UK) Ltd
=336  \\$atext$2rdacontent
=337  \\$acomputer$2rdamedia
=338  \\$aonline resource$2rdacarrier
=540  \\$aCurrent Copyright Fee: zero$c19\0$5Uk
=859  \\$aELD$bejournal
=856  \\$31850-9999$uhttp://www.uk.sagepub.com/home.nav$xBLDSS
=852  41$aBritish Library$bHMNTS$jELD Digital store
=945  \\$aOrganic chemistry insights.
=979  \\$aBritish Library$bDSC$j6287.122000N
=CAT  \\$a14586$b40$c20161104$lBLL01$h1121
=CAT  \\$a5552$b40$c20161221$lBLL01$h0922
=CAT  \\$aBATCH-UPD$b40$c20161227$lBLL01$h2103
=CAT  \\$aBLDSS-3PM$b00$c20170103$lBLL01$h1639
=CAT  \\$aBATCH-UPD$b00$c20170103$lBLL01$h1643
=CAT  \\$a10806$b40$c20171115$lBLL01$h1342
=CAT  \\$aW1711-1005$c20171206$lBLL01$h1829
=CFI  0\$aCurrent Copyright Fee: zero$c19\0$e21-dec-2016$fGBP0.00$g0$hP$5Uk
=FFP  \\$aY$bBLDSS-3PM
=UNO  \\$aY
=LAS  \\$aW1711-1005$b00$c20171206$lBLL01$h1829

