=LDR  01366 as a22004095i 4500
=001  018090437
=003  Uk
=005  20171115134354.0
=006  m\\\\\|\\d\|\\\\\\
=007  cr\|||||||||||
=008  161107c\\\\9999\\\\\\p\o\\\\\0\\\a0eng\\
=FMT  \\$a  SE
=022  \\$a1178-6426
=037  \\$arbi$bSage (UK) Ltd
=245  00$aReproductive Biology Insights
=264  \1$bSage (UK) Ltd
=336  \\$atext$2rdacontent
=337  \\$acomputer$2rdamedia
=338  \\$aonline resource$2rdacarrier
=540  \\$aCurrent Copyright Fee: zero$c19\0$5Uk
=859  \\$aELD$bejournal
=856  \\$31850-9999$uhttp://www.uk.sagepub.com/home.nav$xBLDSS
=852  41$aBritish Library$bHMNTS$jELD Digital store
=945  \\$aReproductive Biology Insights
=979  \\$aBritish Library$bDSC$j7713.705000N
=CAT  \\$a6790$b40$c20161107$lBLL01$h1036
=CAT  \\$a6790$b40$c20161107$lBLL01$h1041
=CAT  \\$a5552$b40$c20161221$lBLL01$h0938
=CAT  \\$aBATCH-UPD$b40$c20161227$lBLL01$h2103
=CAT  \\$aBLDSS-3PM$b00$c20170103$lBLL01$h1639
=CAT  \\$aBATCH-UPD$b00$c20170103$lBLL01$h1643
=CAT  \\$a10806$b40$c20171115$lBLL01$h1343
=CAT  \\$aW1711-1005$c20171205$lBLL01$h2213
=CFI  0\$aCurrent Copyright Fee: zero$c19\0$e21-dec-2016$fGBP0.00$g0$hP$5Uk
=FFP  \\$aY$bBLDSS-3PM
=UNO  \\$aY
=LAS  \\$aW1711-1005$b00$c20171205$lBLL01$h2213

