=LDR  01711cas a22004937a 4500
=001  018091641
=003  Uk
=005  20230212113909.0
=006  m\\\\\\\\d\|||||||
=007  cr\|||||||||||
=008  161108c\\\\9999\\\\\\\\\\\\\\0\\\a0eng\\
=FMT  \\$a  SE
=022  \\$a2196-5404
=037  \\$a???$bSpringer
=040  \\$aUk$beng$cUk
=082  04$a620.5$223
=245  00$aNano convergence.
=264  \1$aHeidelberg :$bSpringer
=336  \\$atext$2rdacontent
=337  \\$acomputer$2rdamedia
=338  \\$aonline resource$2rdacarrier
=540  \\$aCurrent copyright fee: zero$c22\1$5Uk
=859  \\$aELD$bejournal
=856  \\$31850-9999$uhttp://link.springer.com/$xBLDSS
=852  41$aBritish Library$bHMNTS$jELD Digital store$3Volume 5:Issue 1(2018)-
=945  \\$aNano convergence.
=979  \\$aBritish Library$bDSC$j9838.212557N
=985  \\$a3rd party access title for Remote supply please retain as base record when merging/deleting
=CAT  \\$a5552$b40$c20161108$lBLL01$h1205
=CAT  \\$aBLDSS-3PM$b00$c20161115$lBLL01$h1529
=CAT  \\$aBATCH-UPD$b00$c20161115$lBLL01$h1532
=CAT  \\$a5552$b40$c20180821$lBLL01$h1431
=CAT  \\$a15190$b40$c20211117$lBLL01$h1227
=CAT  \\$a5410$b40$c20230204$lBLL01$h1218
=CAT  \\$a5410$b40$c20230204$lBLL01$h1220
=CAT  \\$a5410$b40$c20230208$lBLL01$h1409
=CAT  \\$a5410$b40$c20230212$lBLL01$h1138
=CAT  \\$a5410$b40$c20230212$lBLL01$h1139
=CFI  0\$aCurrent copyright fee: zero$c22\1$e21-aug-2018$fGBP0.00$g0$hP$5Uk
=CFI  2\$aPrevious copyright fee: zero$c22\3$e08-nov-2016$fGBP0.00$g0$hP$5Uk
=FFP  \\$aY$bBLDSS-3PM
=TOC  \\$aETOC
=UNO  \\$aY
=LAS  \\$a5410$b40$c20230212$lBLL01$h1139

