=LDR  01743cas a22005057a 4500
=001  018123570
=003  Uk
=005  20230915105505.0
=006  m\\\\\\\\d\|||||||
=007  cr\|||||||||||
=008  161130c\\\\9999\\\\\\\\\\\\\\0\\\a0eng\\
=FMT  \\$a  SE
=022  \\$a2192-1709
=037  \\$a???$bSpringer
=040  \\$aUk$beng$cUk
=082  04$a577$223
=245  00$aEcological processes.
=264  \1$aHeidelberg :$bSpringer$c2012-
=336  \\$atext$2rdacontent
=337  \\$acomputer$2rdamedia
=338  \\$aonline resource$2rdacarrier
=540  \\$aCurrent copyright fee: zero$c22\1$5Uk
=859  \\$aELD$bejournal
=856  \\$31850-9999$uhttp://link.springer.com/$xBLDSS
=852  41$aBritish Library$bHMNTS$jELD Digital store$3Volume 6:Issue 1(2017)-
=945  \\$aEcological processes.
=979  \\$aBritish Library$bDSC$j3649.030000N
=985  \\$a3rd party access title for Remote supply please retain as base record when merging/deleting
=CAT  \\$a5552$b40$c20161130$lBLL01$h1142
=CAT  \\$aBLDSS-3PM$b00$c20161205$lBLL01$h1501
=CAT  \\$aBATCH-UPD$b00$c20161205$lBLL01$h1502
=CAT  \\$aBATCH-UPD$b00$c20161207$lBLL01$h0123
=CAT  \\$a10969$b40$c20180522$lBLL01$h1805
=CAT  \\$a15190$b40$c20211109$lBLL01$h1325
=CAT  \\$a5410$b40$c20230901$lBLL01$h1224
=CAT  \\$a5410$b40$c20230901$lBLL01$h1225
=CAT  \\$a5410$b40$c20230913$lBLL01$h1533
=CAT  \\$a5410$b40$c20230913$lBLL01$h1534
=CAT  \\$a5410$b40$c20230915$lBLL01$h1054
=CAT  \\$a5410$b40$c20230915$lBLL01$h1055
=CFI  0\$aCurrent copyright fee: zero$c22\1$e30-nov-2016$fGBP0.00$g0$hP$5Uk
=FFP  \\$aY$bBLDSS-3PM
=TOC  \\$aETOC
=UNO  \\$aY
=LAS  \\$a5410$b40$c20230915$lBLL01$h1055

