=LDR  01647cas a22004817a 4500
=001  018123761
=003  Uk
=005  20230212113611.0
=006  m\\\\\\\\d\|||||||
=007  cr\|||||||||||
=008  161130c\\\\9999\\\\\\\\\\\\\\0\\\a0eng\\
=FMT  \\$a  SE
=022  \\$a2198-7793
=037  \\$a???$bSpringer
=040  \\$aUk$beng$cUk
=082  04$a517$223
=245  00$aSurgical case reports.
=264  \1$aHeidelberg:$bSpringer,$c2015
=336  \\$atext$2rdacontent
=337  \\$acomputer$2rdamedia
=338  \\$aonline resource$2rdacarrier
=540  \\$aCurrent copyright fee: zero$c22\1$5Uk
=859  \\$aELD$bejournal
=856  \\$31850-9999$uhttp://link.springer.com/$xBLDSS
=852  41$aBritish Library$bHMNTS$jELD Digital store$3Volume 3:Issue 1(2017)-
=945  \\$aSurgical case reports.
=979  \\$aBritish Library$bDSC$j8548.175000N
=985  \\$a3rd party access title for Remote supply please retain as base record when merging/deleting
=CAT  \\$a5552$b40$c20161130$lBLL01$h1406
=CAT  \\$aBLDSS-3PM$b00$c20161205$lBLL01$h1501
=CAT  \\$aBATCH-UPD$b00$c20161205$lBLL01$h1502
=CAT  \\$aBATCH-UPD$b00$c20161207$lBLL01$h0123
=CAT  \\$a15190$b40$c20211117$lBLL01$h1253
=CAT  \\$a5410$b40$c20230204$lBLL01$h1213
=CAT  \\$a5410$b40$c20230204$lBLL01$h1215
=CAT  \\$a5410$b40$c20230208$lBLL01$h1410
=CAT  \\$a5410$b40$c20230212$lBLL01$h1135
=CAT  \\$a5410$b40$c20230212$lBLL01$h1136
=CFI  0\$aCurrent copyright fee: zero$c22\1$e30-nov-2016$fGBP0.00$g0$hP$5Uk
=FFP  \\$aY$bBLDSS-3PM
=TOC  \\$aETOC
=UNO  \\$aY
=LAS  \\$a5410$b40$c20230212$lBLL01$h1136

