=LDR  01910cas a22005417a 4500
=001  018123778
=003  Uk
=005  20230914074635.0
=006  m\\\\\\\\d\|||||||
=007  cr\|||||||||||
=008  161130d\\\\2021\\\\\\\\\\\\\\0\\\a0eng\\
=FMT  \\$a  SE
=022  \\$a2195-7819
=037  \\$a???$bSpringer
=040  \\$aUk$beng$cUk$dUk
=082  04$a215.7$223
=222  \0$aLife sciences, society and policy
=245  00$aLife sciences society and policy.
=264  \1$aHeidelberg :$bSpringer,$c-2021.
=336  \\$atext$2rdacontent
=337  \\$acomputer$2rdamedia
=338  \\$aonline resource$2rdacarrier
=362  0\$a-volume 17 (2021).
=540  \\$aCurrent copyright fee: zero$c22\1$5Uk
=859  \\$aELD$bejournal
=856  \\$31850-9999$uhttp://link.springer.com/$xBLDSS
=852  41$aBritish Library$bHMNTS$jELD Digital store$3Volume 13:Issue 1(2017)
=945  \\$aLife sciences society and policy.
=979  \\$aBritish Library$bDSC$j5208.961400N
=985  \\$a3rd party access title for Remote supply please retain as base record when merging/deleting
=CAT  \\$a5552$b40$c20161130$lBLL01$h1415
=CAT  \\$aBLDSS-3PM$b00$c20161205$lBLL01$h1501
=CAT  \\$aBATCH-UPD$b00$c20161205$lBLL01$h1502
=CAT  \\$aBATCH-UPD$b00$c20161207$lBLL01$h0123
=CAT  \\$a15190$b40$c20211117$lBLL01$h1216
=CAT  \\$a10969$b40$c20230810$lBLL01$h1208
=CAT  \\$a10969$b40$c20230810$lBLL01$h1216
=CAT  \\$a10969$b40$c20230810$lBLL01$h1233
=CAT  \\$a5410$b40$c20230901$lBLL01$h1055
=CAT  \\$a5410$b40$c20230901$lBLL01$h1058
=CAT  \\$a5410$b40$c20230901$lBLL01$h1107
=CAT  \\$a5410$b40$c20230914$lBLL01$h0746
=CAT  \\$a5410$b40$c20230914$lBLL01$h0746
=CFI  0\$aCurrent copyright fee: zero$c22\1$e30-nov-2016$fGBP0.00$g0$hP$5Uk
=FFP  \\$aY$bBLDSS-3PM
=TOC  \\$aETOC
=UNO  \\$aY
=LAS  \\$a5410$b40$c20230914$lBLL01$h0746

