=LDR  01490cas a22004457a 4500
=001  018123818
=003  Uk
=005  20221116101649.0
=006  m\\\\\\\\d\|||||||
=007  cr\|||||||||||
=008  161130c\\\\9999\\\\\\\\\\\\\\0\\\a0eng\\
=FMT  \\$a  SE
=022  \\$a1999-3110
=037  \\$a???$bSpringer
=040  \\$aUk$beng$cUk
=245  00$aBotanical studies.
=264  \1$aHeidelberg :$bSpringer
=336  \\$atext$2rdacontent
=337  \\$acomputer$2rdamedia
=338  \\$aonline resource$2rdacarrier
=540  \\$aCurrent Copyright Fee: zero$c4\1$5Uk
=859  \\$aELD$bejournal
=856  \\$31850-9999$uhttp://link.springer.com/$xBLDSS
=852  41$aBritish Library$bHMNTS$jELD Digital store$3Volume 58:Number 1(2017)-
=945  \\$aBotanical studies.
=979  \\$aBritish Library$bDSC$j2256.270000
=985  \\$a3rd party access title for Remote supply please retain as base record when merging/deleting
=CAT  \\$a5552$b40$c20161130$lBLL01$h1441
=CAT  \\$aBLDSS-3PM$b00$c20161205$lBLL01$h1501
=CAT  \\$aBATCH-UPD$b00$c20161205$lBLL01$h1502
=CAT  \\$aBATCH-UPD$b00$c20161207$lBLL01$h0123
=CAT  \\$a15190$b40$c20211109$lBLL01$h1235
=CAT  \\$a5410$b40$c20221110$lBLL01$h1226
=CAT  \\$a5410$b40$c20221116$lBLL01$h1016
=CFI  0\$aCurrent copyright fee: zero$c4\1$e30-nov-2016$fGBP0.00$g0$hP$5Uk
=FFP  \\$aY$bBLDSS-3PM
=MNI  \\$a1817-406X
=TOC  \\$aETOC
=UNO  \\$aY
=LAS  \\$a5410$b40$c20221116$lBLL01$h1016

