=LDR  01681cas a22004817a 4500
=001  018124019
=003  Uk
=005  20230108112812.0
=006  m\\\\\\\\d\|||||||
=007  cr\|||||||||||
=008  161201c\\\\9999lu\\\\\\\\\\\\0\\\a0eng\\
=FMT  \\$a  SE
=022  \\$a2197-1153
=037  \\$a???$bSpringer
=040  \\$aUk$beng$cUk
=082  04$a616.7$223
=245  00$aJournal of experimental orthopaedics.
=264  \1$aHeidelberg :$bSpringer$c2013-
=336  \\$atext$2rdacontent
=337  \\$acomputer$2rdamedia
=338  \\$aonline resource$2rdacarrier
=540  \\$aCurrent copyright fee: zero$c22\1$5Uk
=859  \\$aELD$bejournal
=856  \\$31850-9999$uhttp://link.springer.com/$xBLDSS
=852  41$aBritish Library$bHMNTS$jELD Digital store$3Volume 4:Number 1(2017)-
=945  \\$aJournal of experimental orthopaedics.
=979  \\$aBritish Library$bDSC$j4982.270000N
=985  \\$a3rd party access title for Remote supply please retain as base record when merging/deleting
=CAT  \\$a5552$b40$c20161201$lBLL01$h0829
=CAT  \\$aBLDSS-3PM$b00$c20161205$lBLL01$h1501
=CAT  \\$aBATCH-UPD$b00$c20161205$lBLL01$h1502
=CAT  \\$aBATCH-UPD$b00$c20161207$lBLL01$h0123
=CAT  \\$a15190$b40$c20211116$lBLL01$h1258
=CAT  \\$a5410$b40$c20221229$lBLL01$h1045
=CAT  \\$a5410$b40$c20230104$lBLL01$h0749
=CAT  \\$a5410$b40$c20230108$lBLL01$h1121
=CAT  \\$a5410$b40$c20230108$lBLL01$h1122
=CAT  \\$a5410$b40$c20230108$lBLL01$h1128
=CFI  0\$aCurrent copyright fee: zero$c22\1$e01-dec-2016$fGBP0.00$g0$hP$5Uk
=FFP  \\$aY$bBLDSS-3PM
=TOC  \\$aETOC
=UNO  \\$aY
=LAS  \\$a5410$b40$c20230108$lBLL01$h1128

