=LDR  04496cas a2201021 a 4500
=001  018159404
=003  Uk
=005  20221231145421.0
=006  m\\\\\o\\d\\\\\\\\
=007  cr\|||||||||||
=008  110625c20019999enkbx\p\o\\\\\0\\\a0eng\d
=FMT  \\$a  SE
=015  \\$aGBB785626$2bnb
=022  0\$a1943-7641$l1536-1055$y1546-1055$21
=035  \\$a(OCoLC)732993797
=037  \\$aISSN_15361055$bPortico$nTaylor & Francis
=040  \\$aOCLCE$beng$cOCLCE$dOCLCQ$dOCLCF$dOCLCA$dOCLCQ$dUk
=042  \\$aukblsr
=050  \4$aTK9204$b.N82
=082  04$a621.48405$223
=222  \0$aFusion science and technology$b(Online)
=245  00$aFusion science and technology :$ban international journal of the American Nuclear Society.
=246  1\$iOccasional special vols. issued with title:$aTransactions of fusion science and technology
=246  13$aFS & T
=260  \\$aLa Grange Park, Ill. :$bAmerican Nuclear Society,$c2001-
=264  31$32017-$a[Abingdon] :$bTaylor & Francis
=300  \\$avolumes :$billustrations ;$c28 cm.
=310  \\$aEight no. a year
=336  \\$atext$btxt$2rdacontent
=337  \\$acomputer$bc$2rdamedia
=338  \\$aonline resource$bcr$2rdacarrier
=362  0\$aVol. 40, no. 1 (July 2001)-
=510  0\$aChemical abstracts,$x0009-2258
=515  \\$aSome issues combined.
=515  \\$aIssues of Transactions of fusion science and technology bear the numbering of the regular journal plus the designation "T", e.g. v. 41, no.2T (Mar. 2002).
=525  \\$aSome issues accompanied by CD-ROM.
=580  \\$aIncludes issues of earlier titles: Fusion Technology, and: Nuclear Technology - Fusion.
=588  \\$aDescription based on print version record; title from cover.
=588  \\$aLatest issue consulted: volume 71, issue 4 (2017) (Taylor & Francis Online, viewed May 23, 2017).
=540  \\$aCurrent copyright fee: GBP43.00$c2\0$5Uk
=650  \0$aFusion reactors$vPeriodicals.
=650  \0$aNuclear fusion$vPeriodicals.
=650  \7$aFusion reactors.$2fast$0(OCoLC)fst00936695
=650  \7$aNuclear fusion.$2fast$0(OCoLC)fst01040242
=655  \7$aPeriodicals.$2fast$0(OCoLC)fst01411641
=710  2\$aAmerican Nuclear Society.
=776  08$iAlso issued in print as:$tFusion science and technology$x1536-1055
=780  10$tFusion technology (Online)
=859  \\$aELD$bejournal
=856  \\$31850-9999$uhttp://www.tandfonline.com/$xBLDSS
=852  41$aBritish Library$bHMNTS$jELD Digital store$3Volume 69:Number 1(2015)-
=945  \\$aFusion Science and Technology
=959  \\$fHeld but not currently received
=979  \\$aBritish Library$bDSC$j4059.694000N
=CAT  \\$a10983$b40$c20161230$lBLL01$h1151
=CAT  \\$a8124$b40$c20170523$lBLL01$h1441
=CAT  \\$a8124$b40$c20170523$lBLL01$h1451
=CAT  \\$a8124$b40$c20170801$lBLL01$h1521
=CAT  \\$a8055$b40$c20171017$lBLL01$h1144
=CAT  \\$aBLDSS-3PM$b00$c20171027$lBLL01$h1015
=CAT  \\$aBATCH-UPD$b00$c20171027$lBLL01$h1015
=CAT  \\$aBATCH-UPD$b00$c20171121$lBLL01$h1657
=CAT  \\$aW1711-1005$c20171206$lBLL01$h1830
=CAT  \\$aIPL-CLA$c20171231$lBLL01$h1833
=CAT  \\$a10983$b40$c20180602$lBLL01$h0751
=CAT  \\$aBATCH-UPD$b40$c20181217$lBLL01$h1646
=CAT  \\$aIPL-CLA$c20181231$lBLL01$h1556
=CAT  \\$a5410$b40$c20190731$lBLL01$h1256
=CAT  \\$aBATCH-UPD$b40$c20191122$lBLL01$h1908
=CAT  \\$aIPL-CLA$c20191231$lBLL01$h2043
=CAT  \\$a5410$b40$c20200109$lBLL01$h1136
=CAT  \\$aBATCH-UPD$b40$c20201118$lBLL01$h1342
=CAT  \\$aIPL-CLA$c20201231$lBLL01$h1534
=CAT  \\$aBATCH-UPD$b00$c20221121$lBLL01$h1341
=CAT  \\$aIPL-CLA$c20221231$lBLL01$h1454
=CFI  0\$aCurrent copyright fee: GBP43.00$c2\0$e01-jan-2023$fGBP43.00$g0$hP$5Uk
=CFI  2\$aPrevious copyright fee: GBP41.00$c2\0$e01-jan-2021$fGBP41.00$g0$hP$5Uk
=FFP  \\$aY$bBLDSS-3PM
=FIN  \\$aY$d20170523
=LKR  \\$aPAR$b008538409$lBLL01$nFusion science and technology (Print)$mFusion science and technology (Online)$r776
=MNI  \\$a1536-1055
=SID  \\$aZ39$bOCLC
=TOC  \\$aETOC
=ACF  \\$aPrevious Copyright Fee: GBP33.00$c2\0$e17-oct-2017$fGBP33.00$g0$hP$5Uk
=ACF  \\$aPrevious copyright fee: GBP35.00$c2\0$e01-jan-2018$fGBP35.00$g0$hP$5Uk
=ACF  \\$aPrevious copyright fee: GBP37.00$c2\0$e01-jan-2019$fGBP37.00$g0$hP$5Uk
=ACF  \\$aPrevious copyright fee: GBP39.00$c2\0$e01-jan-2020$fGBP39.00$g0$hP$5Uk
=LAS  \\$aIPL-CLA$b00$c20221231$lBLL01$h1454

