=LDR  01915cas a22005058i 4500
=001  018182425
=003  Uk
=005  20191127140629.0
=006  m\\\\\\\\d\|\\\\\\
=007  cr||||||||||||
=008  170118c20189999enkqr\p\o\\\\\0\\\a0eng\\
=FMT  \\$a  SE
=022  0\$a2513-8626$202
=037  \\$aijrmee$bInderscience
=040  \\$aUk$beng$cUk$erda
=082  04$a658$221
=222  \0$aInternational journal of responsible management in emerging economies$b(Online)
=245  00$aInternational journal of responsible management in emerging economies.
=264  \1$aOlney :$bInderscience Publishers
=310  \\$aQuarterly
=336  \\$atext$2rdacontent
=337  \\$acomputer$2rdamedia
=338  \\$aonline resource$2rdacarrier
=540  \\$aCurrent copyright fee: GBP28.00$c48\0$5Uk
=776  08$iAlso issued in print as:$tInternational journal of responsible management in emerging economies$x2513-8618
=859  \\$aELD$bejournal
=856  \\$31850-9999$uhttp://www.inderscience.com/$xBLDSS
=852  41$aBritish Library$bHMNTS$jELD Digital store
=945  \\$aInternational journal of responsible management in emerging economies.
=979  \\$aBritish Library$bDSC$j4542.536450N
=CAT  \\$a11205$b40$c20170118$lBLL01$h1156
=CAT  \\$a10983$b40$c20171114$lBLL01$h1140
=CAT  \\$aW1711-1005$c20171206$lBLL01$h1830
=CAT  \\$a10983$b40$c20180320$lBLL01$h1508
=CAT  \\$a5552$b40$c20191114$lBLL01$h0914
=CAT  \\$aBLDSS-3PM$b00$c20191121$lBLL01$h1516
=CAT  \\$aBATCH-UPD$b00$c20191121$lBLL01$h1516
=CAT  \\$a5410$b40$c20191127$lBLL01$h1406
=CFI  0\$aCurrent copyright fee: GBP28.00$c48\0$e14-nov-2019$fGBP28.00$g0$hP$5Uk
=FFP  \\$aY$bBLDSS-3PM
=LET  \0$aInternational journal of responsible management in emerging economies (Electronic)
=MNI  \\$a2513-8618
=TOC  \\$aETOC
=UNO  \\$aY
=LAS  \\$a5410$b40$c20191127$lBLL01$h1406

