=LDR  03406cas a22007817a 4500
=001  018187658
=003  Uk
=005  20230511163129.0
=006  m\\\\\\\\d\|||||||
=007  cr\|||||||||||
=008  170123c\\\\9999\\\\\\\\\\\\\\0\\\a0eng\\
=FMT  \\$a  SE
=022  \\$a2470-752X
=037  \\$aISSN_2470752X_74$bPortico$nLippincott Williams & Wilkins
=040  \\$aUk$beng$cUk
=245  00$aCardiology plus.
=336  \\$atext$2rdacontent
=337  \\$acomputer$2rdamedia
=338  \\$aonline resource$2rdacarrier
=540  \\$aCurrent copyright fee: zero$c20\0$5Uk
=859  \\$aELD$bejournal
=856  \\$31850-9999$uhttp://journals.lww.com/pages/default.aspx$xBLDSS
=852  41$aBritish Library$bHMNTS$jELD Digital store$3Volume 7:Issue 1(2022)-
=945  \\$aCardiology plus.
=979  \\$aBritish Library$bDSC$j3051.432700N
=985  \\$a3rd party access title for Remote supply please retain as base record when merging/deleting
=CAT  \\$a5552$b40$c20170123$lBLL01$h1340
=CAT  \\$aBATCH-UPD$b00$c20180223$lBLL01$h1559
=CAT  \\$aIPL-CLA$c20180331$lBLL01$h1720
=CAT  \\$aBATCH-UPD$b00$c20180823$lBLL01$h1912
=CAT  \\$aIPL-CLA$c20180930$lBLL01$h1521
=CAT  \\$aBATCH-UPD$b00$c20190829$lBLL01$h1452
=CAT  \\$aIPL-CLA$c20190930$lBLL01$h1658
=CAT  \\$aBATCH-UPD$b00$c20200219$lBLL01$h1440
=CAT  \\$aIPL-CLA$c20200331$lBLL01$h1637
=CAT  \\$aBATCH-UPD$b00$c20200522$lBLL01$h1429
=CAT  \\$aIPL-CLA$c20200701$lBLL01$h0123
=CAT  \\$aBATCH-UPD$b00$c20210226$lBLL01$h1010
=CAT  \\$aIPL-CLA$c20210331$lBLL01$h1909
=CAT  \\$aBATCH-UPD$b00$c20210707$lBLL01$h1533
=CAT  \\$aIPL-CLA$c20210707$lBLL01$h2008
=CAT  \\$a5552$b40$c20220113$lBLL01$h1405
=CAT  \\$aDEL-3PM$c20220117$lBLL01$h1400
=CAT  \\$a8055$b40$c20220311$lBLL01$h1135
=CAT  \\$a8055$b40$c20220311$lBLL01$h1144
=CAT  \\$aBLDSS-3PM$b00$c20220314$lBLL01$h1237
=CAT  \\$aBATCH-UPD$b00$c20220314$lBLL01$h1238
=CAT  \\$aBATCH-UNOA$c20220315$lBLL01$h2354
=CAT  \\$a10902$b40$c20230426$lBLL01$h1240
=CAT  \\$a10902$b40$c20230426$lBLL01$h1253
=CAT  \\$a15190$b40$c20230503$lBLL01$h1433
=CAT  \\$aBATCH-FIX$c20230511$lBLL01$h1631
=CFI  0\$aCurrent copyright fee: zero$c20\0$e11-mar-2022$fGBP0.00$g0$hP$5Uk
=CFI  2\$aPrevious copyright fee: GBP22.50$c0$e13-jan-2022$fGBP22.50$g0$hA$5Uk
=FFP  \\$aY$bBLDSS-3PM
=MNI  \\$a2470-7511
=UNO  \\$aY
=ACF  \\$aPrevious copyright fee: GBP10.71$c111\0$e07-jul-2021$fGBP10.71$g0$hP$5Uk
=ACF  \\$aPrevious copyright fee: GBP11.11$c111\0$e01-apr-2021$fGBP11.11$g0$hP$5Uk
=ACF  \\$aPrevious copyright fee: GBP11.11$c111\0$e23-jan-2017$fGBP11.11$g0$hP$5Uk
=ACF  \\$aPrevious copyright fee: GBP12.00$c111\0$e01-apr-2017$fGBP12.00$g0$hP$5Uk
=ACF  \\$aPrevious copyright fee: GBP11.54$c111\0$e01-oct-2017$fGBP11.54$g0$hP$5Uk
=ACF  \\$aPrevious copyright fee: GBP10.71$c111\0$e01-apr-2018$fGBP10.71$g0$hP$5Uk
=ACF  \\$aPrevious copyright fee: GBP11.54$c111\0$e01-oct-2018$fGBP11.54$g0$hP$5Uk
=ACF  \\$aPrevious copyright fee: GBP12.00$c111\0$e01-oct-2019$fGBP12.00$g0$hP$5Uk
=ACF  \\$aPrevious copyright fee: GBP11.54$c111\0$e01-apr-2020$fGBP11.54$g0$hP$5Uk
=ACF  \\$aPrevious copyright fee: GBP12.00$c111\0$e01-jul-2020$fGBP12.00$g0$hP$5Uk
=LAS  \\$aBATCH-FIX$b00$c20230511$lBLL01$h1631

