=LDR  01531cas a22004337a 4500
=001  018187755
=003  Uk
=005  20170502111844.0
=006  m\\\\\\\\d\|||||||
=007  cr\|||||||||||
=008  170123c\\\\9999\\\\\\\\\\\\\\0\\\a0eng\\
=FMT  \\$a  SE
=022  \\$a2470-1408
=037  \\$aISSN_24701394$bPortico$nTaylor & Francis
=040  \\$aUk$beng$cUk
=245  00$aMitochondrial DNA.$nPart A.
=264  \1$aAbingdon$bTaylor & Francis
=336  \\$atext$2rdacontent
=337  \\$acomputer$2rdamedia
=338  \\$aonline resource$2rdacarrier
=540  \\$aCurrent copyright fee: zero$c2\0$5Uk
=856  \\$31850-9999$uhttp://www.tandfonline.com/$xBLDSS
=859  \\$aELD$bejournal
=852  41$aBritish Library$bHMNTS$jELD Digital store$3Volume 27:Number 1(2016)-
=945  \\$aMitochondrial DNA Part A
=979  \\$aBritish Library$bDSC$j5829.770550N
=985  \\$a3rd party access title for Remote supply please retain as base record when merging/deleting
=CAT  \\$a5552$b40$c20170123$lBLL01$h1535
=CAT  \\$aBLDSS-3PM$b00$c20170203$lBLL01$h1649
=CAT  \\$aBATCH-UPD$b00$c20170203$lBLL01$h1650
=CAT  \\$a10983$b40$c20170221$lBLL01$h1314
=CAT  \\$a14346$b40$c20170502$lBLL01$h0910
=CAT  \\$a14586$b40$c20170502$lBLL01$h1118
=CAT  \\$aW1711-1005$c20171206$lBLL01$h1830
=CFI  0\$aCurrent copyright fee: zero$c2\0$e23-jan-2017$fGBP0.00$g0$hP$5Uk
=FFP  \\$aY$bBLDSS-3PM
=MNI  \\$a2380-2359
=MNI  \\$a2470-1394
=LAS  \\$aW1711-1005$b00$c20171206$lBLL01$h1830

