=LDR  02771cas a22006977a 4500
=001  018212684
=003  Uk
=005  20230511163129.0
=006  m\\\\\\\\d\|||||||
=007  cr\|||||||||||
=008  170206c\\\\9999\\\\\\\\\\\\\\0\\\a0eng\\
=FMT  \\$a  SE
=022  \\$a2468-7332
=037  \\$aISSN_24687332_74$bPortico$nLippincott Williams & Wilkins
=040  \\$aUk$beng$cUk
=082  04$a617$223
=245  00$aInternational journal of surgery short reports.
=246  30$aIJS short reports
=264  \1$aMumbai :$bWolters Kluwer India
=336  \\$atext$2rdacontent
=337  \\$acomputer$2rdamedia
=338  \\$aonline resource$2rdacarrier
=540  \\$aCurrent copyright fee: zero$c20\0$5Uk
=856  \\$31850-9999$uhttp://www.medknow.com/$xBLDSS
=859  \\$aELD$bejournal
=852  41$aBritish Library$bHMNTS$jELD Digital store$3Volume 1:Issue 1(2016)-
=945  \\$aInternational journal of surgery short reports.
=979  \\$aBritish Library$bDSC$j4542.685080N
=985  \\$a3rd party access title for Remote supply please retain as base record when merging/deleting
=CAT  \\$a5552$b40$c20170206$lBLL01$h1151
=CAT  \\$aBLDSS-3PM$b00$c20170215$lBLL01$h1340
=CAT  \\$aBATCH-UPD$b00$c20170215$lBLL01$h1354
=CAT  \\$aBATCH-UPD$b00$c20170216$lBLL01$h1754
=CAT  \\$aIPL-CLA$c20170331$lBLL01$h1929
=CAT  \\$aBATCH-UPD$b00$c20170904$lBLL01$h1753
=CAT  \\$aIPL-CLA$c20170929$lBLL01$h1815
=CAT  \\$aBATCH-UPD$b00$c20180223$lBLL01$h1559
=CAT  \\$aIPL-CLA$c20180331$lBLL01$h1720
=CAT  \\$aBATCH-UPD$b00$c20180823$lBLL01$h1912
=CAT  \\$aIPL-CLA$c20180930$lBLL01$h1521
=CAT  \\$a12654$b40$c20190702$lBLL01$h0925
=CAT  \\$a12654$b40$c20190702$lBLL01$h0930
=CAT  \\$a12654$b40$c20190702$lBLL01$h0953
=CAT  \\$a15005$b40$c20190719$lBLL01$h1139
=CAT  \\$a5410$b40$c20220914$lBLL01$h0948
=CAT  \\$a5410$b40$c20220914$lBLL01$h0951
=CAT  \\$a5410$b40$c20220914$lBLL01$h0956
=CAT  \\$a5410$b40$c20220922$lBLL01$h0918
=CAT  \\$aBATCH-FIX$c20230511$lBLL01$h1631
=CFI  0\$aCurrent copyright fee: zero$c20\0$e02-jul-2019$fGBP0.00$g0$hP$5Uk
=CFI  2\$aPrevious copyright fee: GBP11.54$c111\0$e01-oct-2018$fGBP11.54$g0$hP$5Uk
=FFP  \\$aY$bBLDSS-3PM
=MNI  \\$a2468-7340
=MNI  \\$a2468-7332
=TOC  \\$aETOC
=UNO  \\$aY
=ACF  \\$aPrevious copyright fee: GBP10.71$c111\0$e01-apr-2018$fGBP10.71$g0$hP$5Uk
=ACF  \\$aPrevious copyright fee: GBP11.11$c111\0$e06-feb-2017$fGBP11.11$g0$hP$5Uk
=ACF  \\$aPrevious copyright fee: GBP12.00$c111\0$e01-apr-2017$fGBP12.00$g0$hP$5Uk
=ACF  \\$aPrevious copyright fee: GBP11.54$c111\0$e01-oct-2017$fGBP11.54$g0$hP$5Uk
=LAS  \\$aBATCH-FIX$b00$c20230511$lBLL01$h1631

