=LDR  02927cas a22006975i 4500
=001  018252385
=003  Uk
=005  20221231145424.0
=006  m\\\\\|\\d\|\\\\\\
=007  cr\|||||||||||
=008  170309c\\\\9999\\\\\\p\o\\\\\0\\\a0eng\\
=FMT  \\$a  SE
=022  \\$a2456-6535$y0976-6898
=037  \\$aISSN_09766898$bPortico$nTaylor & Francis
=222  \0$aJournal of agricultural sciences$b(New Delhi) (Online)
=245  00$aJournal of Agricultural Sciences
=264  \1$bTaylor & Francis
=336  \\$atext$2rdacontent
=337  \\$acomputer$2rdamedia
=338  \\$aonline resource$2rdacarrier
=540  \\$aCurrent copyright fee: GBP43.00$c2\0$5Uk
=859  \\$aELD$bejournal
=856  \\$31850-9999$uhttp://www.tandfonline.com/$xBLDSS
=852  41$aBritish Library$bHMNTS$jELD Digital store$3Content not received
=945  \\$aJournal of Agricultural Sciences -Taylor and Francis-.
=979  \\$aBritish Library$bDSC$j4923.100500N
=985  \\$aELD accessioning record awaiting upgrade
=985  \\$aPublication suspended in 2014 - no issues published by T&F so far (Richard (Leeds), 14/09/18)
=CAT  \\$a10983$b40$c20170309$lBLL01$h1307
=CAT  \\$a5552$b40$c20170530$lBLL01$h1208
=CAT  \\$aBLDSS-3PM$b00$c20170606$lBLL01$h1445
=CAT  \\$aBATCH-UPD$b00$c20170606$lBLL01$h1446
=CAT  \\$aBATCH-UPD$b00$c20171121$lBLL01$h1657
=CAT  \\$aW1711-1005$c20171206$lBLL01$h1830
=CAT  \\$aIPL-CLA$c20171231$lBLL01$h1834
=CAT  \\$a10969$b40$c20180523$lBLL01$h1824
=CAT  \\$a10983$b40$c20180604$lBLL01$h0941
=CAT  \\$a10806$b40$c20180914$lBLL01$h0920
=CAT  \\$a10806$b40$c20181105$lBLL01$h1140
=CAT  \\$aBATCH-UPD$b40$c20181217$lBLL01$h1646
=CAT  \\$aIPL-CLA$c20181231$lBLL01$h1556
=CAT  \\$a5552$b40$c20190211$lBLL01$h1432
=CAT  \\$a5552$b40$c20190211$lBLL01$h1614
=CAT  \\$aBLDSS-3PM$b00$c20190305$lBLL01$h1644
=CAT  \\$aBATCH-UPD$b00$c20190305$lBLL01$h1645
=CAT  \\$a5552$b40$c20190322$lBLL01$h0848
=CAT  \\$aBATCH-UPD$b40$c20191122$lBLL01$h1908
=CAT  \\$aIPL-CLA$c20191231$lBLL01$h2044
=CAT  \\$aBATCH-UPD$b00$c20201118$lBLL01$h1342
=CAT  \\$aIPL-CLA$c20201231$lBLL01$h1534
=CAT  \\$aBATCH-UPD$b00$c20221121$lBLL01$h1341
=CAT  \\$aIPL-CLA$c20221231$lBLL01$h1454
=CFI  0\$aCurrent copyright fee: GBP43.00$c2\0$e01-jan-2023$fGBP43.00$g0$hP$5Uk
=CFI  2\$aPrevious copyright fee: GBP41.00$c2\0$e01-jan-2021$fGBP41.00$g0$hP$5Uk
=FFP  \\$aY$bBLDSS-3PM
=MNI  \\$a0976-6898
=ACF  \\$aPrevious Copyright Fee: GBP33.00$c2\0$e30-may-2017$fGBP33.00$g0$hP$5Uk
=ACF  \\$aPrevious copyright fee: GBP35.00$c2\0$e01-jan-2018$fGBP35.00$g0$hP$5Uk
=ACF  \\$aPrevious copyright fee: GBP37.00$c2\0$e01-jan-2019$fGBP37.00$g0$hP$5Uk
=ACF  \\$aPrevious copyright fee: GBP39.00$c2\0$e01-jan-2020$fGBP39.00$g0$hP$5Uk
=LAS  \\$aIPL-CLA$b00$c20221231$lBLL01$h1454

