=LDR  03615cas a2200877 i 4500
=001  018252407
=003  Uk
=005  20221231145424.0
=006  m\\\\\|\\d\|\\\\\\
=007  cr||||||||||||
=008  170309c20109999ii\fr\p\o\\\\\0\\\a0eng\\
=FMT  \\$a  SE
=015  \\$aGBB824746$2bnb
=022  \\$a2456-6594
=037  \\$aISSN_09765239$bPortico$nTaylor & Francis
=037  3\$aISSN_09765239_21$bPortico$nTaylor & Francis
=040  \\$aUk$beng$cUk$erda
=042  \\$aukblsr
=082  04$a330.05$223
=130  0\$aJournal of economics (New Delhi, India)
=222  \0$aJournal of economics$b(Online)
=245  10$aJournal of economics.
=264  \1$aNew Delhi :$bKamla-Raj Enterprises,$c2010-
=264  31$32017-$a[New Delhi] :$b[Kamla-Raj Enterprises co-published with Routledge, Taylor & Francis Group]
=310  \\$aSemiannual
=336  \\$atext$2rdacontent
=337  \\$acomputer$2rdamedia
=338  \\$aonline resource$2rdacarrier
=362  1\$aBegan in 2010.
=588  \\$aDescription based on ISSN Portal record.
=588  \\$aLatest issue consulted: volume 8, issue 1 (2017) (Taylor & Francis Online, viewed February 05, 2018).
=540  \\$aCurrent copyright fee: GBP43.00$c2\0$5Uk
=650  \0$aEconomics$vPeriodicals.
=650  \0$aEconomics$xResearch$vPeriodicals.
=690  7\$aManagement and Business Studies$2blcoll
=776  08$iAlso issued in print as:$tJournal of economics$x0976-5239
=859  \\$aELD$bejournal
=856  \\$31850-9999$uhttp://www.tandfonline.com/$xBLDSS
=852  41$aBritish Library$bHMNTS$jELD Digital store$3Volume 7:Number 1(2016)-Volume 8:Number 1(2017)
=945  \\$aJournal of Economics -Delhi-
=979  \\$aBritish Library$bDSC$j4973.070450N
=CAT  \\$a10983$b40$c20170309$lBLL01$h1340
=CAT  \\$a5552$b40$c20170531$lBLL01$h0822
=CAT  \\$aBLDSS-3PM$b00$c20170606$lBLL01$h1445
=CAT  \\$aBATCH-UPD$b00$c20170606$lBLL01$h1446
=CAT  \\$aBATCH-UPD$b00$c20171121$lBLL01$h1657
=CAT  \\$aW1711-1005$c20171205$lBLL01$h2213
=CAT  \\$aIPL-CLA$c20171231$lBLL01$h1834
=CAT  \\$a10973$b40$c20180205$lBLL01$h1428
=CAT  \\$a10973$b40$c20180205$lBLL01$h1440
=CAT  \\$aBATCH-MBS$c20180209$lBLL01$h2107
=CAT  \\$a10983$b40$c20180604$lBLL01$h0944
=CAT  \\$aBATCH-UPD$b40$c20181217$lBLL01$h1646
=CAT  \\$aIPL-CLA$c20181231$lBLL01$h1556
=CAT  \\$a5552$b40$c20190211$lBLL01$h1440
=CAT  \\$a5552$b40$c20190211$lBLL01$h1621
=CAT  \\$aBLDSS-3PM$b00$c20190305$lBLL01$h1644
=CAT  \\$aBATCH-UPD$b00$c20190305$lBLL01$h1645
=CAT  \\$a5552$b40$c20190322$lBLL01$h0848
=CAT  \\$aBATCH-UPD$b40$c20191122$lBLL01$h1908
=CAT  \\$aIPL-CLA$c20191231$lBLL01$h2044
=CAT  \\$aBATCH-UPD$b00$c20201118$lBLL01$h1342
=CAT  \\$aIPL-CLA$c20201231$lBLL01$h1534
=CAT  \\$a14586$b40$c20220311$lBLL01$h1514
=CAT  \\$aBATCH-UPD$b40$c20221121$lBLL01$h1341
=CAT  \\$aIPL-CLA$c20221231$lBLL01$h1454
=CFI  0\$aCurrent copyright fee: GBP43.00$c2\0$e01-jan-2023$fGBP43.00$g0$hP$5Uk
=CFI  2\$aPrevious copyright fee: GBP41.00$c2\0$e01-jan-2021$fGBP41.00$g0$hP$5Uk
=FFP  \\$aY$bBLDSS-3PM
=FIN  \\$aY$d20180205
=MNI  \\$a0976-5239
=ACF  \\$aPrevious Copyright Fee: GBP33.00$c2\0$e31-may-2017$fGBP33.00$g0$hP$5Uk
=ACF  \\$aPrevious copyright fee: GBP35.00$c2\0$e01-jan-2018$fGBP35.00$g0$hP$5Uk
=ACF  \\$aPrevious copyright fee: GBP37.00$c2\0$e01-jan-2019$fGBP37.00$g0$hP$5Uk
=ACF  \\$aPrevious copyright fee: GBP39.00$c2\0$e01-jan-2020$fGBP39.00$g0$hP$5Uk
=LAS  \\$aIPL-CLA$b00$c20221231$lBLL01$h1454

