=LDR  03458cas a2200829 i 4500
=001  018265421
=003  Uk
=005  20221231145424.0
=006  m\\\\\|\\d\|\\\\\\
=007  cr||||||||||||
=008  170315c20109999ii\fr\p\o\\\\\0\\\a0eng\\
=FMT  \\$a  SE
=015  \\$aGBB832204$2bnb
=022  \\$a2456-6586
=037  \\$aISSN_0976691X$bPortico$nTaylor & Francis
=040  \\$aUk$beng$cUk$erda
=042  \\$aukblsr
=082  04$a302.2$223
=130  0\$aJournal of communication (New Delhi, India)
=222  \0$aJournal of communication$b(New Delhi. Online)
=245  10$aJournal of communication.
=264  \1$aNew Delhi :$bKamla-Raj Enterprises,$c2010-
=264  31$32017-$a[New Delhi] :$b[Kamla-Raj Enterprises co-published with Routledge, Taylor & Francis]
=310  \\$aSemiannual
=336  \\$atext$2rdacontent
=337  \\$acomputer$2rdamedia
=338  \\$aonline resource$2rdacarrier
=588  \\$aDescription based on ISSN Portal record.
=588  \\$aLatest issue consulted: volume 8, issue 2 (2017) (Taylor & Francis Online, viewed February 12, 2018).
=540  \\$aCurrent copyright fee: GBP37.00$c2\0$5Uk
=650  \0$aCommunication$vPeriodicals.
=776  08$iAlso issued in print as:$tJournal of communication$x0976-691X
=859  \\$aELD$bejournal
=856  \\$31850-9999$uhttp://www.tandfonline.com/$xBLDSS
=852  41$aBritish Library$bHMNTS$jELD Digital store$3Volume 7:Number 1(2016)-Volume 8:Number 2(2017)
=945  \\$aJournal of Communication -Taylor & Francis-.
=979  \\$aBritish Library$bDSC$j4961.520000N
=CAT  \\$a10983$b40$c20170315$lBLL01$h1039
=CAT  \\$a5552$b40$c20170531$lBLL01$h0818
=CAT  \\$aBLDSS-3PM$b00$c20170606$lBLL01$h1445
=CAT  \\$aBATCH-UPD$b00$c20170606$lBLL01$h1446
=CAT  \\$aBATCH-UPD$b00$c20171121$lBLL01$h1651
=CAT  \\$aW1711-1005$c20171206$lBLL01$h1830
=CAT  \\$aIPL-CLA$c20171231$lBLL01$h1834
=CAT  \\$a10973$b40$c20180212$lBLL01$h1326
=CAT  \\$a10973$b40$c20180212$lBLL01$h1327
=CAT  \\$a10983$b40$c20180604$lBLL01$h0942
=CAT  \\$a10983$b40$c20180820$lBLL01$h1507
=CAT  \\$a10983$b40$c20180820$lBLL01$h1511
=CAT  \\$aBATCH-UPD$b40$c20181217$lBLL01$h1641
=CAT  \\$aIPL-CLA$c20181231$lBLL01$h1556
=CAT  \\$a5552$b40$c20190211$lBLL01$h1439
=CAT  \\$a5552$b40$c20190211$lBLL01$h1621
=CAT  \\$aBLDSS-3PM$b00$c20190305$lBLL01$h1644
=CAT  \\$aBATCH-UPD$b00$c20190305$lBLL01$h1645
=CAT  \\$a5552$b40$c20190322$lBLL01$h0848
=CAT  \\$aBATCH-UPD$b40$c20191122$lBLL01$h1903
=CAT  \\$aIPL-CLA$c20191231$lBLL01$h2044
=CAT  \\$aBATCH-UPD$b00$c20201118$lBLL01$h1337
=CAT  \\$aIPL-CLA$c20201231$lBLL01$h1534
=CAT  \\$aBATCH-UPD$b00$c20221121$lBLL01$h1350
=CAT  \\$aIPL-CLA$c20221231$lBLL01$h1454
=CFI  0\$aCurrent copyright fee: GBP37.00$c2\0$e01-jan-2023$fGBP37.00$g0$hP$5Uk
=CFI  2\$aPrevious copyright fee: GBP35.00$c2\0$e01-jan-2021$fGBP35.00$g0$hP$5Uk
=FFP  \\$aY$bBLDSS-3PM
=FIN  \\$aY$d20180212
=MNI  \\$a0976-691X
=ACF  \\$aPrevious Copyright Fee: GBP28.00$c2\0$e31-may-2017$fGBP28.00$g0$hP$5Uk
=ACF  \\$aPrevious copyright fee: GBP30.00$c2\0$e01-jan-2018$fGBP30.00$g0$hP$5Uk
=ACF  \\$aPrevious copyright fee: GBP32.00$c2\0$e01-jan-2019$fGBP32.00$g0$hP$5Uk
=ACF  \\$aPrevious copyright fee: GBP34.00$c2\0$e01-jan-2020$fGBP34.00$g0$hP$5Uk
=LAS  \\$aIPL-CLA$b00$c20221231$lBLL01$h1454

