=LDR  03398cas a2200805 i 4500
=001  018266074
=003  Uk
=005  20221231145425.0
=006  m\\\\\|\\d\|\\\\\\
=007  cr\|||||||||||
=008  170316c20099999enkmr\p\o\\\\\0\\\a0eng\\
=FMT  \\$a  SE
=015  \\$aGBB7A3687$2bnb
=022  \\$a2456-6322
=037  \\$aISSN_09751122$bPortico$nTaylor & Francis
=040  \\$aUk$beng$cUk$erda
=042  \\$aukblsr
=082  04$a370$223
=222  \0$aInternational journal of educational sciences$b(Delhi) (Online)
=245  00$aInternational journal of educational sciences.
=264  \1$a[Delhi] :$b[Kamla-Raj Enterprises],$c[2009]-
=264  31$32017-$a[Oxford?] :$b[Kamla-Raj and Taylor & Francis]
=310  \\$aTwelve times a year
=336  \\$atext$2rdacontent
=337  \\$acomputer$2rdamedia
=338  \\$aonline resource$2rdacarrier
=362  1\$aPrint began in 2009.
=588  \\$aDescription based on: volume 16, issue 1/3 (2017); title from journal homepage (Taylor & Francis Online, viewed June 22, 2017).
=540  \\$aCurrent copyright fee: GBP37.00$c2\0$5Uk
=650  \0$aTeaching$vPeriodicals.
=650  \0$aEducation$vPeriodicals.
=776  08$iAlso issued in print as:$tInternational journal of educational sciences$x0975-1122
=859  \\$aELD$bejournal
=856  \\$31850-9999$uhttp://www.tandfonline.com/$xBLDSS
=852  41$aBritish Library$bHMNTS$jELD Digital store$3Volume 12:Number 1(2016)-Volume 19:Number 2/3(2017)
=945  \\$aInternational Journal of Educational Sciences -Taylor and Francis-.
=979  \\$aBritish Library$bDSC$j4542.200100N
=CAT  \\$a10983$b40$c20170316$lBLL01$h1135
=CAT  \\$a5552$b40$c20170530$lBLL01$h0920
=CAT  \\$aBLDSS-3PM$b00$c20170606$lBLL01$h1445
=CAT  \\$aBATCH-UPD$b00$c20170606$lBLL01$h1446
=CAT  \\$a10806$b40$c20170622$lBLL01$h1120
=CAT  \\$a10806$b40$c20170622$lBLL01$h1122
=CAT  \\$aBATCH-UPD$b40$c20171121$lBLL01$h1651
=CAT  \\$aW1711-1005$c20171205$lBLL01$h2213
=CAT  \\$aIPL-CLA$c20171231$lBLL01$h1834
=CAT  \\$a10983$b40$c20180604$lBLL01$h0939
=CAT  \\$aBATCH-UPD$b40$c20181217$lBLL01$h1641
=CAT  \\$aIPL-CLA$c20181231$lBLL01$h1556
=CAT  \\$a5552$b40$c20190211$lBLL01$h1404
=CAT  \\$a5552$b40$c20190211$lBLL01$h1608
=CAT  \\$aBLDSS-3PM$b00$c20190305$lBLL01$h1644
=CAT  \\$aBATCH-UPD$b00$c20190305$lBLL01$h1645
=CAT  \\$a5552$b40$c20190322$lBLL01$h0848
=CAT  \\$aBATCH-UPD$b40$c20191122$lBLL01$h1903
=CAT  \\$aIPL-CLA$c20191231$lBLL01$h2044
=CAT  \\$aBATCH-UPD$b00$c20201118$lBLL01$h1337
=CAT  \\$aIPL-CLA$c20201231$lBLL01$h1534
=CAT  \\$aBATCH-UPD$b00$c20221121$lBLL01$h1350
=CAT  \\$aIPL-CLA$c20221231$lBLL01$h1454
=CFI  0\$aCurrent copyright fee: GBP37.00$c2\0$e01-jan-2023$fGBP37.00$g0$hP$5Uk
=CFI  2\$aPrevious copyright fee: GBP35.00$c2\0$e01-jan-2021$fGBP35.00$g0$hP$5Uk
=FFP  \\$aY$bBLDSS-3PM
=FIN  \\$aY$d20170622
=MNI  \\$a0975-1122
=ACF  \\$aPrevious Copyright Fee: GBP28.00$c2\0$e30-may-2017$fGBP28.00$g0$hP$5Uk
=ACF  \\$aPrevious copyright fee: GBP30.00$c2\0$e01-jan-2018$fGBP30.00$g0$hP$5Uk
=ACF  \\$aPrevious copyright fee: GBP32.00$c2\0$e01-jan-2019$fGBP32.00$g0$hP$5Uk
=ACF  \\$aPrevious copyright fee: GBP34.00$c2\0$e01-jan-2020$fGBP34.00$g0$hP$5Uk
=LAS  \\$aIPL-CLA$b00$c20221231$lBLL01$h1454

