=LDR  02091cas a2200601 i 4500
=001  018290497
=003  Uk
=005  20180511115116.0
=006  m\\\\\\\\d\|||||||
=007  cr\|||||||||||
=008  170405c20169999enkmr\p\\\\\\\0\\\a0eng\\
=FMT  \\$a  SE
=022  \\$a2468-2667
=037  \\$aISSN_24682667$bPortico$nElsevier
=040  \\$aUk$beng$cUk$erda
=042  \\$aukblsr
=082  04$a362.1$223
=222  \4$aThe Lancet. Public health
=245  04$aThe Lancet.$pPublic health.
=246  30$aPublic health
=264  \1$aLondon :$bElsevier,$c2016-
=310  \\$aMonthly
=336  \\$atext$2rdacontent
=337  \\$acomputer$2rdamedia
=338  \\$aonline resource$2rdacarrier
=362  0\$aVolume 1, issue 1 (November 2016)-
=500  \\$aTitle from cover (thelancet.com, viewed May 11, 2018).
=540  \\$aCurrent copyright fee: zero$c5\1$5Uk
=650  \0$aPublic health$vPeriodicals.
=690  7\$aSocial Welfare$2blcoll
=856  40$31850-9999$uhttp://www.sciencedirect.com/$xBLDSS
=859  \\$aELD$bejournal
=852  41$aBritish Library$bHMNTS$jELD Digital store$3Volume 1:Number 1(2016)-
=945  \\$aLancet public health.
=979  \\$aBritish Library$bDSC$j5146.093550N
=985  \\$a3rd party access title for Remote supply please retain as base record when merging/deleting
=CAT  \\$a5552$b40$c20170405$lBLL01$h1449
=CAT  \\$aBLDSS-3PM$b00$c20170411$lBLL01$h1608
=CAT  \\$aBATCH-UPD$b00$c20170411$lBLL01$h1611
=CAT  \\$a10983$b40$c20170419$lBLL01$h0924
=CAT  \\$aW1711-1005$c20171206$lBLL01$h1830
=CAT  \\$a10983$b40$c20171220$lBLL01$h1510
=CAT  \\$a5410$b40$c20180111$lBLL01$h1129
=CAT  \\$a5410$b40$c20180111$lBLL01$h1131
=CAT  \\$a5410$b40$c20180130$lBLL01$h0959
=CAT  \\$a10806$b40$c20180511$lBLL01$h1151
=CAT  \\$aBATCH-SWP$c20180518$lBLL01$h2224
=CFI  0\$aCurrent copyright fee: zero$c5\1$e05-apr-2017$fGBP0.00$g0$hP$5Uk
=FFP  \\$aY$bBLDSS-3PM
=FIN  \\$aY$d20180511
=MNI  \\$a2468-2667
=TOC  \\$aETOC
=LAS  \\$aBATCH-SWP$b00$c20180518$lBLL01$h2224

