=LDR  02394cas a22006137a 4500
=001  018397716
=003  Uk
=005  20221231145429.0
=006  m\\\\\\\\d\|||||||
=007  cr\|||||||||||
=008  170628c\\\\9999\\\\\\\\\\\\\\0\\\a0eng\\
=FMT  \\$a  SE
=022  \\$a2366-7540
=037  \\$a???$bSpringer
=040  \\$aUk$beng$cUk
=082  04$a618.92$221
=245  00$aAdvances in neurodevelopmental disorders.
=264  \1$aCham :$bSpringer Internat. Publ.,$c2016-
=336  \\$atext$2rdacontent
=337  \\$acomputer$2rdamedia
=338  \\$aonline resource$2rdacarrier
=540  \\$aCurrent copyright fee: GBP29.95$c22\1$5Uk
=859  \\$aELD$bejournal
=856  \\$31850-9999$uhttp://link.springer.com/$xBLDSS
=852  41$aBritish Library$bHMNTS$jELD Digital store$3Volume 2:Issue 1(2018)-
=945  \\$aAdvances in neurodevelopmental disorders.
=979  \\$aBritish Library$bDSC$j0709.477000N
=985  \\$a3rd party access title for Remote supply please retain as base record when merging/deleting
=CAT  \\$a5552$b40$c20170628$lBLL01$h1408
=CAT  \\$a5410$b40$c20170704$lBLL01$h1347
=CAT  \\$a5410$b40$c20170704$lBLL01$h1356
=CAT  \\$aBATCH-UPD$b40$c20170704$lBLL01$h2118
=CAT  \\$aBLDSS-3PM$b00$c20170706$lBLL01$h1506
=CAT  \\$aBATCH-UPD$b00$c20170706$lBLL01$h1507
=CAT  \\$aBATCH-UPD$b00$c20170904$lBLL01$h1846
=CAT  \\$aIPL-CLA$c20170929$lBLL01$h1815
=CAT  \\$aBATCH-UPD$b00$c20180223$lBLL01$h1707
=CAT  \\$aIPL-CLA$c20180331$lBLL01$h1721
=CAT  \\$aBATCH-UPD$b00$c20180524$lBLL01$h1709
=CAT  \\$aIPL-CLA$c20180630$lBLL01$h1946
=CAT  \\$a5410$b40$c20191016$lBLL01$h1417
=CAT  \\$a15190$b40$c20200928$lBLL01$h1201
=CAT  \\$aBATCH-UPD$b40$c20221121$lBLL01$h1407
=CAT  \\$aIPL-CLA$c20221231$lBLL01$h1454
=CFI  0\$aCurrent copyright fee: GBP29.95$c22\1$e01-jan-2023$fGBP29.95$g0$hP$5Uk
=CFI  2\$aPrevious copyright fee: GBP34.00$c22\1$e01-jul-2018$fGBP34.00$g0$hP$5Uk
=FFP  \\$aY$bBLDSS-3PM
=MNI  \\$a2366-7532
=TOC  \\$aETOC
=UNO  \\$aY
=ACF  \\$aPrevious copyright fee: GBP31.96$c22\1$e28-jun-2017$fGBP31.96$g0$hP$5Uk
=ACF  \\$aPrevious copyright fee: GBP30.73$c22\1$e01-oct-2017$fGBP30.73$g0$hP$5Uk
=ACF  \\$aPrevious copyright fee: GBP28.54$c22\1$e01-apr-2018$fGBP28.54$g0$hP$5Uk
=LAS  \\$aIPL-CLA$b00$c20221231$lBLL01$h1454

