=LDR  04731cas a2201045 i 4500
=001  016552805
=003  Uk
=005  20220930142859.0
=006  m\\\\\|\\d\|\\\\\\
=007  cr\|||||||||||
=008  131127c19669999xxuqr\p\o\\\\\0\\\a0eng\\
=FMT  \\$a  SE
=015  \\$aGBB3A8016$2bnb
=022  \\$a0971-7625
=037  \\$aFTR$bSage (UK) Ltd
=040  \\$aUk$beng$cUk$dUk$erda
=042  \\$aukblsr
=082  04$a382.0954005$223
=210  0\$aForeign trade rev.
=222  \0$aForeign trade review
=245  00$aForeign trade review :$bquarterly journal of the Indian Institute of Foreign Trade.
=260  \\$a[New Delhi] :$b[s.n.]
=264  31$a[Thousand Oaks, CA] :$bSAGE Publications
=310  \\$aQuarterly
=336  \\$atext$2rdacontent
=337  \\$acomputer$2rdamedia
=338  \\$aonline resource$2rdacarrier
=362  1\$aPrint began with : Vol. 1 (Apr./June 1966).
=588  \\$aDescription based on print version record.
=588  \\$aLatest issue consulted: vol. 48, number 3 (August 2013) (SAGE journals, viewed November 27, 2013).
=540  \\$aCurrent copyright fee: GBP32.82$c103\0$5Uk
=690  7\$aManagement and Business Studies$2blcoll
=710  2\$aIndian Institute of Foreign Trade.
=776  08$iAlso issued in print as:$tForeign trade review$x0015-7325
=859  \\$aELD$bejournal
=856  \\$31850-9999$uhttp://www.uk.sagepub.com$xBLDSS
=852  41$aBritish Library$bHMNTS$jELD Digital store$3Volume 48:Number 4(2013:Nov.)-***Previous issues available in print copy
=945  \\$aForeign trade review.
=979  \\$aBritish Library$bDSC$j3987.320000
=CAT  \\$a5997$b40$c20131127$lBLL01$h1439
=CAT  \\$a5552$b40$c20170522$lBLL01$h1113
=CAT  \\$aBATCH-UPD$b40$c20170904$lBLL01$h1740
=CAT  \\$aIPL-CLA$c20170929$lBLL01$h1803
=CAT  \\$aW1711-1005$c20171206$lBLL01$h1826
=CAT  \\$aBATCH-UPD$b00$c20180223$lBLL01$h1542
=CAT  \\$aIPL-CLA$c20180331$lBLL01$h1707
=CAT  \\$aBATCH-UPD$b00$c20180823$lBLL01$h1859
=CAT  \\$aIPL-CLA$c20180930$lBLL01$h1516
=CAT  \\$aBATCH-UPD$b00$c20190521$lBLL01$h1347
=CAT  \\$aIPL-CLA$c20190630$lBLL01$h1547
=CAT  \\$aBATCH-UPD$b00$c20190829$lBLL01$h1430
=CAT  \\$aIPL-CLA$c20190930$lBLL01$h1652
=CAT  \\$aBATCH-UPD$b00$c20200219$lBLL01$h1421
=CAT  \\$aIPL-CLA$c20200331$lBLL01$h1630
=CAT  \\$aBATCH-UPD$b00$c20200522$lBLL01$h1413
=CAT  \\$aIPL-CLA$c20200701$lBLL01$h0115
=CAT  \\$aBATCH-UPD$b00$c20210226$lBLL01$h0953
=CAT  \\$aIPL-CLA$c20210331$lBLL01$h1702
=CAT  \\$aBATCH-UPD$b00$c20210707$lBLL01$h1517
=CAT  \\$aIPL-CLA$c20210707$lBLL01$h1844
=CAT  \\$aBATCH-UPD$b00$c20220520$lBLL01$h1545
=CAT  \\$aIPL-CLA$c20220630$lBLL01$h1539
=CAT  \\$a10806$b40$c20220718$lBLL01$h1456
=CAT  \\$aBATCH-UPD$b40$c20220824$lBLL01$h0820
=CAT  \\$aIPL-CLA$c20220930$lBLL01$h1428
=CFI  0\$aCurrent copyright fee: GBP32.82$c103\0$e01-oct-2022$fGBP32.82$g0$hP$5Uk
=CFI  2\$aPrevious copyright fee: GBP31.50$c103\0$e01-jul-2022$fGBP31.50$g0$hP$5Uk
=FFP  \\$aY$bBLDSS-3PM
=FIN  \\$aY$d20131127
=LET  \0$aForeign trade review (Electronic)
=LKR  \\$aPAR$b008534078$lBLL01$nForeign trade review (Print)$mForeign trade review (Online)$r776
=MNI  \\$a0015-7325
=TOC  \\$aETOC
=UNO  \\$aY
=ACF  \\$aPrevious Copyright Fee: GBP20.65$c103\0$e20-apr-2015$fGBP20.65$g0$hP$5Uk
=ACF  \\$aPrevious copyright fee: GBP21.33$c103\0$e01-jul-2015$fGBP21.33$g0$hP$5Uk
=ACF  \\$aPrevious copyright fee: GBP20.65$c103\0$e01-oct-2015$fGBP20.65$g0$hP$5Uk
=ACF  \\$aPrevious copyright fee: GBP24.83$c103\0$e01-apr-2016$fGBP24.83$g0$hP$5Uk
=ACF  \\$aPrevious copyright fee: GBP26.67$c103\0$e01-oct-2016$fGBP26.67$g0$hP$5Uk
=ACF  \\$aPrevious copyright fee: GBP28.80$c103\0$e01-apr-2017$fGBP28.80$g0$hP$5Uk
=ACF  \\$aPrevious copyright fee: GBP27.69$c103\0$e01-oct-2017$fGBP27.69$g0$hP$5Uk
=ACF  \\$aPrevious copyright fee: GBP25.71$c103\0$e01-apr-2018$fGBP25.71$g0$hP$5Uk
=ACF  \\$aPrevious copyright fee: GBP27.69$c103\0$e01-oct-2018$fGBP27.69$g0$hP$5Uk
=ACF  \\$aPrevious copyright fee: GBP29.08$c103\0$e01-jul-2019$fGBP29.08$g0$hP$5Uk
=ACF  \\$aPrevious copyright fee: GBP30.24$c103\0$e01-oct-2019$fGBP30.24$g0$hP$5Uk
=ACF  \\$aPrevious copyright fee: GBP30.29$c103\0$e01-apr-2020$fGBP30.29$g0$hP$5Uk
=ACF  \\$aPrevious copyright fee: GBP31.50$c103\0$e01-jul-2020$fGBP31.50$g0$hP$5Uk
=ACF  \\$aPrevious copyright fee: GBP29.17$c103\0$e01-apr-2021$fGBP29.17$g0$hP$5Uk
=ACF  \\$aPrevious copyright fee: GBP28.13$c103\0$e07-jul-2021$fGBP28.13$g0$hP$5Uk
=LAS  \\$aIPL-CLA$b00$c20220930$lBLL01$h1428

