=LDR  04434cas a2200997 i 4500
=001  016566803
=003  Uk
=005  20211231154610.0
=006  m\\\\\|\\d\|\\\\\\
=007  cr\|||||||||||
=008  131213c20009999enkqr\p\o\\\\\0\\\a0eng\\
=FMT  \\$a  SE
=015  \\$aGBB404597$2bnb
=022  \\$a1530-8057
=037  \\$aJIT$bSage (UK) Ltd
=040  \\$aUk$beng$cUk$erda
=042  \\$aukblsr
=082  04$a677.005$223
=222  \0$aJournal of industrial textiles$b(Online)
=245  00$aJournal of industrial textiles.
=260  \\$aLancaster, Pa. :$bTechnomic Publishing,$c2000-
=260  3\$aLondon :$bSage Publications
=310  \\$aQuarterly
=336  \\$atext$2rdacontent
=337  \\$acomputer$2rdamedia
=338  \\$aonline resource$2rdacarrier
=362  1\$aPrint began with: Vol. 29, no. 3 (Jan. 2000).
=588  \\$aDescription based on print version record.
=588  \\$aLatest issue consulted: volume 43, number 3 (January 2014) (SAGE journals, viewed January 8, 2014).
=580  \\$aIncludes issues of absorbed title: Journal of coated fabrics (1973-1999) and earlier title: Journal of coated fibrous materials (1971-1973).
=540  \\$aCurrent copyright fee: zero$c19\0$5Uk
=650  \0$aTextile fabrics$vPeriodicals.
=650  \0$aTextile industry$vPeriodicals.
=776  08$iAlso issued in print as:$tJournal of industrial textiles$x1528-0837
=780  15$tJournal of coated fabrics (Online)
=859  \\$aELD$bejournal
=856  \\$31850-9999$uhttp://www.uk.sagepub.com/home.nav$xBLDSS
=852  41$aBritish Library$bHMNTS$jELD Digital store$3Volume 42:Number 3(2013)-***Previous issues available in print copy
=945  \\$aJournal of industrial textiles.
=979  \\$aBritish Library$bDSC$j5006.425000
=CAT  \\$a10983$b40$c20131213$lBLL01$h1453
=CAT  \\$aBATCH-CLA$b00$c20140829$lBLL01$h1547
=CAT  \\$aIPL-CLA$c20140930$lBLL01$h1638
=CAT  \\$aW1711-1005$c20171206$lBLL01$h1826
=CAT  \\$a5552$b40$c20180223$lBLL01$h1044
=CAT  \\$a5552$b40$c20180223$lBLL01$h1622
=CAT  \\$aBATCH-UPD$b40$c20180223$lBLL01$h1654
=CAT  \\$aBLDSS-3PM$b00$c20180226$lBLL01$h1359
=CAT  \\$aBATCH-UPD$b00$c20180226$lBLL01$h1400
=CAT  \\$aIPL-CLA$c20180331$lBLL01$h1707
=CAT  \\$aBATCH-UPD$b00$c20180823$lBLL01$h1930
=CAT  \\$aIPL-CLA$c20180930$lBLL01$h1516
=CAT  \\$aBATCH-UPD$b00$c20190521$lBLL01$h1412
=CAT  \\$aIPL-CLA$c20190630$lBLL01$h1547
=CAT  \\$aBATCH-UPD$b00$c20190829$lBLL01$h1529
=CAT  \\$aIPL-CLA$c20190930$lBLL01$h1653
=CAT  \\$aBATCH-UPD$b00$c20200219$lBLL01$h1516
=CAT  \\$aIPL-CLA$c20200331$lBLL01$h1630
=CAT  \\$aBATCH-UPD$b00$c20200522$lBLL01$h1459
=CAT  \\$aIPL-CLA$c20200701$lBLL01$h0115
=CAT  \\$aBATCH-UPD$b00$c20210226$lBLL01$h1039
=CAT  \\$aIPL-CLA$c20210331$lBLL01$h1703
=CAT  \\$aBATCH-UPD$b00$c20210707$lBLL01$h1603
=CAT  \\$aIPL-CLA$c20210707$lBLL01$h1844
=CAT  \\$a5552$b40$c20211217$lBLL01$h0825
=CAT  \\$aIPL-CLA$c20211231$lBLL01$h1546
=CFI  0\$aCurrent copyright fee: zero$c19\0$e01-jan-2022$fGBP0.00$g0$hP$5Uk
=CFI  2\$aPrevious copyright fee: GBP31.13$c19\0$e07-jul-2021$fGBP31.13$g0$hP$5Uk
=FFP  \\$aY$bBLDSS-3PM
=FIN  \\$aY$d20140108
=LET  \0$aJournal of industrial textiles
=LKR  \\$aPAR$b010490165$lBLL01$nJournal of industrial textiles (Print)$mJournal of industrial textiles (Online)$r776
=MNI  \\$a1528-0837
=TOC  \\$aETOC
=UNO  \\$aY
=ACF  \\$aPrevious Copyright Fee: GBP21.00$c0$e01-oct-2014$fGBP21.00$g0$hC$5Uk
=ACF  \\$aPrevious Copyright Fee: GBP19.00$c0$e01-apr-2014$fGBP19.00$g0$hC$5Uk
=ACF  \\$aPrevious copyright fee: GBP30.77$c19\0$e23-feb-2018$fGBP30.77$g0$hP$5Uk
=ACF  \\$aPrevious copyright fee: GBP28.57$c19\0$e01-apr-2018$fGBP28.57$g0$hP$5Uk
=ACF  \\$aPrevious copyright fee: GBP30.77$c19\0$e01-oct-2018$fGBP30.77$g0$hP$5Uk
=ACF  \\$aPrevious copyright fee: GBP32.31$c19\0$e01-jul-2019$fGBP32.31$g0$hP$5Uk
=ACF  \\$aPrevious copyright fee: GBP33.60$c19\0$e01-oct-2019$fGBP33.60$g0$hP$5Uk
=ACF  \\$aPrevious copyright fee: GBP33.52$c19\0$e01-apr-2020$fGBP33.52$g0$hP$5Uk
=ACF  \\$aPrevious copyright fee: GBP34.86$c19\0$e01-jul-2020$fGBP34.86$g0$hP$5Uk
=ACF  \\$aPrevious copyright fee: GBP32.28$c19\0$e01-apr-2021$fGBP32.28$g0$hP$5Uk
=LAS  \\$aIPL-CLA$b00$c20211231$lBLL01$h1546

