=LDR  02617cas a2200637 a 4500
=001  016605245
=003  Uk
=005  20160503093604.0
=006  m\\\\\o\\d\\\\\\\\
=007  cr\|||||||||||
=008  140116c20119999ne\||\p\\\\\\\0\\\a0eng\\
=FMT  \\$a  SE
=015  \\$aGBB563738$2bnb
=022  \\$a2211-3207
=037  \\$aISSN_22113207$bPortico$nElsevier
=040  \\$aUk$beng$cUk
=042  \\$aukblsr
=082  04$a616.96061$223
=222  \0$aInternational journal for parasitology, drugs and drug resistance
=245  00$aInternational journal for parasitology.$pDrugs and drug resistance.
=246  13$aIJP.$pDrugs and drug resistance
=246  30$aDrugs and drug resistance
=260  \\$a[Amsterdam] :$bElsevier
=336  \\$atext$2rdacontent
=337  \\$acomputer$2rdamedia
=338  \\$aonline resource$2rdacarrier
=362  0\$aVolume 1, issue 1 (December 2011)-
=500  \\$aTitle from contents page (ScienceDirect, viewed May 14, 2015).
=540  \\$aCurrent copyright fee: zero$c5\1$5Uk
=588  \\$aLatest issue consulted: volume 5, issue 1 (April 2015).
=650  \0$aParasitic diseases$xChemotherapy$vPeriodicals.
=650  \0$aDrug resistance$vPeriodicals.
=787  0\$tInternational journal for parasitology (Online)$x1879-0135
=856  \\$31850-9999$uhttp://www.elsevier.com/journals$xBLDSS
=859  \\$aELD$bejournal
=852  41$aBritish Library$bHMNTS$jELD Digital store$3Volume 5:Issue 3(2015)-***Previous issues available in print copy
=945  \\$aInternational journal for parasitology drugs and drug resistance
=979  \\$aBritish Library$bDSC$j4542.449200N
=CAT  \\$a5552$b40$c20140116$lBLL01$h1049
=CAT  \\$a8456$b40$c20140818$lBLL01$h0953
=CAT  \\$a8456$b40$c20140818$lBLL01$h0954
=CAT  \\$a8456$b40$c20140818$lBLL01$h0955
=CAT  \\$aBLDSS-3PM$b00$c20141222$lBLL01$h1721
=CAT  \\$a10983$b40$c20150428$lBLL01$h1345
=CAT  \\$a8483$b40$c20150514$lBLL01$h1135
=CAT  \\$aBATCH-UPD$b40$c20160413$lBLL01$h1827
=CAT  \\$a5552$b40$c20160503$lBLL01$h0936
=CAT  \\$aBATCH-UPD$b40$c20160517$lBLL01$h0921
=CAT  \\$aW1711-1005$c20171206$lBLL01$h1826
=CFI  0\$aCurrent copyright fee: zero$c5\1$e03-may-2016$fGBP0.00$g0$hP$5Uk
=CFI  2\$aPrevious copyright fee: GBP22.50$c5\1$e16-jan-2014$fGBP22.50$g0$hP$5Uk
=FFP  \\$aY$bBLDSS-3PM
=FIN  \\$aY$d20150514
=LKR  \\$aPAR$b012433511$lBLL01$r787$mInternational journal for parasitology, drugs and drug resistance$nInternational journal for parasitology (Online)
=TOC  \\$aETOC
=LAS  \\$aW1711-1005$b00$c20171206$lBLL01$h1826

