=LDR  03966cas a2200937 i 4500
=001  016950126
=003  Uk
=005  20230930081107.0
=006  m\\\\\|\\d\|\\\\\\
=007  cr\|||||||||||
=008  141120c19919999xxufr\p\o\\\\\0\\\a0eng\\
=FMT  \\$a  SE
=022  \\$a2161-4504
=037  3\$aISSN_10649867_21$bPortico$nTaylor & Francis
=037  \\$aISSN_10649867$bPortico$nManey Publishing
=040  \\$aUk$beng$cUk$erda
=042  \\$aissnuk$aukblsr
=082  04$a253.05$223
=222  \0$aJournal of pastoral theology$b(Online)
=245  00$aJournal of pastoral theology.
=260  \\$aDayton, OH :$bSociety for Pastoral Theology,$c1991-
=264  31$32015-$a[Philadelphia] :$bManey Publishing
=310  \\$aSemiannual,$b2002-
=321  \\$aAnnual,$b1991-2001
=336  \\$atext$2rdacontent
=337  \\$acomputer$2rdamedia
=338  \\$aonline resource$2rdacarrier
=362  0\$aVolume 1, issue 1 (July 1991)-
=550  \\$aPublished on behalf of the Society for Pastoral Theology.
=588  \\$aDescription based on print version record.
=588  \\$aLatest issue consulted: volume 25, issue 1 (Maney Online, viewed November 18, 2015).
=540  \\$aCurrent copyright fee: GBP37.00$c2\0$5Uk
=650  \0$aPastoral theology$vPeriodicals.
=710  2\$aSociety for Pastoral Theology,$eissuing body.
=776  08$iAlso issued in print as:$tJournal of pastoral theology$x1064-9867
=859  \\$aELD$bejournal
=856  \\$31850-9999$uhttp://www.tandfonline.com/$xBLDSS
=852  41$aBritish Library$bHMNTS$jELD Digital store$3Volume 24:Issue 1(2015)-
=945  \\$aJournal of pastoral theology.
=979  \\$aBritish Library$bDSC$j5029.830000N
=CAT  \\$a11147$b40$c20141120$lBLL01$h1334
=CAT  \\$aBATCH-CLA$b00$c20150227$lBLL01$h1630
=CAT  \\$aIPL-CLA$c20150331$lBLL01$h1730
=CAT  \\$a5997$b40$c20151118$lBLL01$h1314
=CAT  \\$a10902$b40$c20151121$lBLL01$h0741
=CAT  \\$aBATCH-CLA$b00$c20151127$lBLL01$h1629
=CAT  \\$aWR15058$c20151230$lBLL01$h1441
=CAT  \\$a5552$b40$c20160120$lBLL01$h1156
=CAT  \\$aBLDSS-3PM$b00$c20160201$lBLL01$h1812
=CAT  \\$a14448$b40$c20160205$lBLL01$h1136
=CAT  \\$aBATCH-UPD$b40$c20160413$lBLL01$h1828
=CAT  \\$a11433$b40$c20160418$lBLL01$h1138
=CAT  \\$aBATCH-UPD$b40$c20160724$lBLL01$h2336
=CAT  \\$aBATCH-UPD$b40$c20161122$lBLL01$h1543
=CAT  \\$aIPL-CLA$c20161231$lBLL01$h0020
=CAT  \\$a5552$b40$c20170407$lBLL01$h1333
=CAT  \\$aW1711-1005$c20171206$lBLL01$h1827
=CAT  \\$a5552$b40$c20190114$lBLL01$h1112
=CAT  \\$aBATCH-UPD$b40$c20191122$lBLL01$h1921
=CAT  \\$aIPL-CLA$c20191231$lBLL01$h2040
=CAT  \\$aBATCH-UPD$b00$c20201118$lBLL01$h1355
=CAT  \\$aIPL-CLA$c20201231$lBLL01$h1533
=CAT  \\$aBATCH-UPD$b00$c20221121$lBLL01$h1430
=CAT  \\$aIPL-CLA$c20221231$lBLL01$h1453
=CAT  \\$aR2308-1440$c20230824$lBLL01$h0930
=CAT  \\$aIPL-CLA$c20230930$lBLL01$h0811
=CFI  0\$aCurrent copyright fee: GBP37.00$c2\0$e01-oct-2023$fGBP37.00$g0$hP$5Uk
=CFI  2\$aPrevious copyright fee: GBP37.00$c47\0$e01-jan-2023$fGBP37.00$g0$hP$5Uk
=FFP  \\$aY$bBLDSS-3PM
=FIN  \\$aY$d20151118
=LET  \0$aJournal of pastoral theology (Electronic)
=MNI  \\$a1064-9867
=TOC  \\$aETOC
=ACF  \\$aPrevious Copyright Fee: GBP22.00$c0$e01-apr-2015$fGBP22.00$g0$hC$5Uk
=ACF  \\$aBritish Library not licensed to copy$c0$e01-jan-2015$hC$iCFP Excluded$5Uk
=ACF  \\$aPrevious copyright fee: GBP28.00$c47\0$e01-jan-2017$fGBP28.00$g0$hP$5Uk
=ACF  \\$aPrevious Copyright Fee: GBP26.00$c47\0$e20-jan-2016$fGBP26.00$g0$hP$5Uk
=ACF  \\$aPrevious copyright fee: GBP32.00$c47\0$e14-jan-2019$fGBP32.00$g0$hP$5Uk
=ACF  \\$aPrevious copyright fee: GBP34.00$c47\0$e01-jan-2020$fGBP34.00$g0$hP$5Uk
=ACF  \\$aPrevious copyright fee: GBP35.00$c47\0$e01-jan-2021$fGBP35.00$g0$hP$5Uk
=LAS  \\$aIPL-CLA$b00$c20230930$lBLL01$h0811

