=LDR  01795cas a22005178i 4500
=001  017032332
=003  Uk
=005  20220225172345.0
=006  m\\\\\|\\d\|\\\\\\
=007  cr\|||||||||||
=008  150130d\\\\9999\\\\\\p\o\\\\\0\\\a0eng\\
=FMT  \\$a  SE
=037  \\$aEPI$bSage (UK) Ltd
=082  04$a572.87$221
=245  00$aTranslational epigenomics.
=264  \1$bSage
=336  \\$atext$2rdacontent
=337  \\$acomputer$2rdamedia
=338  \\$aonline resource$2rdacarrier
=540  \\$aCurrent copyright fee: zero$c103\0$5Uk
=859  \\$aELD$bejournal
=856  \\$31850-9999$uhttp://www.sagepublications.com/$xBLDSS
=852  41$aBritish Library$bHMNTS$jELD Digital store
=945  \\$aTranslational epigenomics.
=979  \\$aBritish Library$bDSC$j9024.919461N
=985  \\$aISSN UK note: Never published - confirmed with U.S. ISSN Center (ISSN 2334-4865 suppressed)
=CAT  \\$a8411$b40$c20150130$lBLL01$h1430
=CAT  \\$a5552$b40$c20160217$lBLL01$h1103
=CAT  \\$aBLDSS-3PM$b00$c20160225$lBLL01$h1643
=CAT  \\$aBATCH-UPD$b00$c20160413$lBLL01$h1828
=CAT  \\$aBATCH-UPD$b00$c20160524$lBLL01$h2306
=CAT  \\$aBATCH-UPD$b00$c20160525$lBLL01$h0718
=CAT  \\$a5552$b40$c20170213$lBLL01$h0927
=CAT  \\$a10806$b40$c20170907$lBLL01$h0913
=CAT  \\$a10806$b40$c20170907$lBLL01$h0916
=CAT  \\$aW1711-1005$c20171206$lBLL01$h1828
=CAT  \\$a5552$b40$c20191216$lBLL01$h0852
=CAT  \\$a5410$b40$c20191231$lBLL01$h1457
=CAT  \\$a5410$b40$c20200107$lBLL01$h1607
=CAT  \\$a7764$b40$c20220225$lBLL01$h1723
=CFI  0\$aCurrent copyright fee: zero$c103\0$e17-feb-2016$fGBP0.00$g0$hP$5Uk
=FFP  \\$aY$bBLDSS-3PM
=MNI  \\$a2334-4865
=TOC  \\$aETOC
=UNO  \\$aY
=LAS  \\$a7764$b40$c20220225$lBLL01$h1723

