=LDR  04042cas a2200925 i 4500
=001  017043599
=003  Uk
=005  20221231145323.0
=006  m\\\\\|\\d\|\\\\\\
=007  cr\|||||||||||
=008  150206c20129999xxufr\p\\\\\\\0\\\a0eng\\
=FMT  \\$a  SE
=015  \\$aGBB5H2146$2bnb
=022  0\$a2166-2290
=037  \\$aISSN_21662282_21$bPortico$nTaylor & Francis
=040  \\$aUk$beng$cUk$erda
=042  \\$aukblsr
=082  04$a930.109489$223
=245  00$aDanish journal of archaeology.
=264  \1$a[United States] :$bRoutledge, Taylor & Francis Group,$c2012-
=310  \\$aSemiannual
=336  \\$atext$2rdacontent
=337  \\$acomputer$2rdamedia
=338  \\$aonline resource$2rdacarrier
=362  0\$aVolume 1, issue 1 (2012)-
=500  \\$aTitle from pdf of editorial page (Taylor & Francis Online, viewed December 2, 2015).
=530  \\$aAlso issued in print.
=580  \\$aIncludes issues of earlier title: Journal of Danish archaeology.
=588  \\$aLatest issue consulted: volume 3, issue 1 (2014) (Taylor & Francis Online, viewed December 2, 2015).
=540  \\$aCurrent copyright fee: GBP37.00$c2\0$5Uk
=650  \0$aExcavations (Archaeology)$zDenmark$vPeriodicals.
=651  \0$aDenmark$xAntiquities$vPeriodicals.
=780  10$tJournal of Danish archaeology (Online)
=859  \\$aELD$bejournal
=856  \\$31850-9999$uhttp://www.tandfonline.com/$xBLDSS
=852  41$aBritish Library$bHMNTS$jELD Digital store$3Volume 5:Issue 1/2(2016)-Volume 7:Issue 2(2018)
=945  \\$aDanish journal of archaeology.
=979  \\$aBritish Library$bDSC$j3519.355000N
=985  \\$a3rd party access title for Remote supply please retain as base record when merging/deleting
=985  \\$aISSN work records only on portal for both online and print versions. Please add key title and amend MNI when validated.
=CAT  \\$a5552$b40$c20150206$lBLL01$h1427
=CAT  \\$a11205$b40$c20151202$lBLL01$h1133
=CAT  \\$a8464$b40$c20151231$lBLL01$h1107
=CAT  \\$aIPL-CLA$c20151231$lBLL01$h1936
=CAT  \\$a8464$b40$c20160203$lBLL01$h1210
=CAT  \\$aBATCH-UPD$b40$c20160413$lBLL01$h1828
=CAT  \\$aBATCH-UPD$b40$c20160829$lBLL01$h0433
=CAT  \\$aBATCH-UPD$b40$c20161122$lBLL01$h1515
=CAT  \\$aIPL-CLA$c20161231$lBLL01$h0022
=CAT  \\$a5552$b40$c20170130$lBLL01$h1032
=CAT  \\$aBATCH-UPD$b40$c20171121$lBLL01$h1651
=CAT  \\$aW1711-1005$c20171206$lBLL01$h1828
=CAT  \\$aIPL-CLA$c20171231$lBLL01$h1828
=CAT  \\$aBATCH-UPD$b00$c20181217$lBLL01$h1641
=CAT  \\$aIPL-CLA$c20181231$lBLL01$h1554
=CAT  \\$a5552$b40$c20190211$lBLL01$h1346
=CAT  \\$a5552$b40$c20190211$lBLL01$h1552
=CAT  \\$aBLDSS-3PM$b00$c20190305$lBLL01$h1644
=CAT  \\$aBATCH-UPD$b00$c20190305$lBLL01$h1645
=CAT  \\$a5552$b40$c20190322$lBLL01$h0849
=CAT  \\$aBATCH-UPD$b40$c20191122$lBLL01$h1903
=CAT  \\$aIPL-CLA$c20191231$lBLL01$h2040
=CAT  \\$aBATCH-UPD$b00$c20201118$lBLL01$h1337
=CAT  \\$aIPL-CLA$c20201231$lBLL01$h1533
=CAT  \\$aBATCH-UPD$b00$c20221121$lBLL01$h1350
=CAT  \\$aIPL-CLA$c20221231$lBLL01$h1453
=CFI  0\$aCurrent copyright fee: GBP37.00$c2\0$e01-jan-2023$fGBP37.00$g0$hP$5Uk
=CFI  2\$aPrevious copyright fee: GBP35.00$c2\0$e01-jan-2021$fGBP35.00$g0$hP$5Uk
=FFP  \\$aY$bBLDSS-3PM
=FIN  \\$aY$d20151202
=LET  \0$aDanish journal of archaeology (Electronic)
=MNI  \\$a2166-2282
=TOC  \\$aETOC
=ACF  \\$aPrevious copyright fee: GBP25.00$c2\0$e06-feb-2015$fGBP25.00$g0$hP$5Uk
=ACF  \\$aPrevious copyright fee: GBP26.00$c2\0$e01-jan-2016$fGBP26.00$g0$hP$5Uk
=ACF  \\$aPrevious copyright fee: GBP28.00$c2\0$e01-jan-2017$fGBP28.00$g0$hP$5Uk
=ACF  \\$aPrevious copyright fee: GBP30.00$c2\0$e01-jan-2018$fGBP30.00$g0$hP$5Uk
=ACF  \\$aPrevious copyright fee: GBP32.00$c2\0$e01-jan-2019$fGBP32.00$g0$hP$5Uk
=ACF  \\$aPrevious copyright fee: GBP34.00$c2\0$e01-jan-2020$fGBP34.00$g0$hP$5Uk
=LAS  \\$aIPL-CLA$b00$c20221231$lBLL01$h1453

