=LDR  01774cas a22004697a 4500
=001  017066038
=003  Uk
=005  20230930081115.0
=007  ta
=008  150211c\\\\9999\\\\\\\\\\\\\\0\\\a0eng\\
=FMT  \\$a  SE
=022  \\$a2332-0885
=037  \\$aISSN_23320885_21$bPortico$nTaylor & Francis
=040  \\$aUk$beng$cUk
=245  00$aCase reports in plastic surgery and hand surgery.
=264  \1$bInforma Healthcare.
=336  \\$atext$2rdacontent
=337  \\$acomputer$2rdamedia
=338  \\$aonline resource$2rdacarrier
=540  \\$aCurrent copyright fee: zero$c2\0$5Uk
=859  \\$aELD$bejournal
=856  \\$31850-9999$uhttp://www.tandfonline.com/$xBLDSS
=852  41$aBritish Library$bHMNTS$jELD Digital store$3Volume 3:Issue 1(2016)-
=945  \\$aCase reports in plastic surgery and hand surgery.
=979  \\$aBritish Library$bDSC$j3058.144900N
=985  \\$a3rd party access title for Remote supply please retain as base record when merging/deleting
=CAT  \\$a5552$b40$c20150211$lBLL01$h0911
=CAT  \\$aBLDSS-3PM$b00$c20150513$lBLL01$h0807
=CAT  \\$a8411$b40$c20151125$lBLL01$h1213
=CAT  \\$a8411$b40$c20151125$lBLL01$h1214
=CAT  \\$a14448$b40$c20160204$lBLL01$h0913
=CAT  \\$aBATCH-UPD$b40$c20160413$lBLL01$h1828
=CAT  \\$aBATCH-UPD$b40$c20160620$lBLL01$h0229
=CAT  \\$a5552$b40$c20161216$lBLL01$h0905
=CAT  \\$aW1711-1005$c20171206$lBLL01$h1828
=CAT  \\$aR2308-1440$c20230824$lBLL01$h0930
=CAT  \\$aIPL-CLA$c20230930$lBLL01$h0811
=CFI  0\$aCurrent copyright fee: zero$c2\0$e01-oct-2023$fGBP0.00$g0$hP$5Uk
=CFI  2\$aPrevious copyright fee: zero$c45\0$e11-feb-2015$fGBP0.00$g0$hP$5Uk
=FFP  \\$aY$bBLDSS-3PM
=TOC  \\$aETOC
=LAS  \\$aIPL-CLA$b00$c20230930$lBLL01$h0811

