=LDR  02765cas a22006617a 4500
=001  017070829
=003  Uk
=005  20221231145325.0
=007  ta
=008  150216c\\\\9999\\\\\\\\\\\\\\0\\\a0eng\\
=FMT  \\$a  SE
=022  \\$a2372-9775
=037  \\$aISSN_23729767_21$bPortico$nTaylor & Francis
=040  \\$aUk$beng$cUk
=245  00$aLanguage arts and linguistics.
=336  \\$atext$2rdacontent
=337  \\$acomputer$2rdamedia
=338  \\$aonline resource$2rdacarrier
=540  \\$aCurrent copyright fee: GBP37.00$c2\0$5Uk
=859  \\$aELD$bejournal
=856  \\$31850-9999$uhttp://www.tandfonline.com/$xBLDSS
=852  41$aBritish Library$bHMNTS$jELD Digital store$3Content not received
=945  \\$aLanguage arts and linguistics.
=979  \\$aBritish Library$bDSC$j5155.708310N
=985  \\$a3rd party access title for Remote supply please retain as base record when merging/deleting
=CAT  \\$a5552$b40$c20150216$lBLL01$h1438
=CAT  \\$aBLDSS-3PM$b00$c20150513$lBLL01$h0807
=CAT  \\$aBATCH-UPD$b00$c20151119$lBLL01$h1546
=CAT  \\$aIPL-CLA$c20151231$lBLL01$h1936
=CAT  \\$a11433$b40$c20160116$lBLL01$h1122
=CAT  \\$aBATCH-UPD$b40$c20160413$lBLL01$h1828
=CAT  \\$aBATCH-UPD$b40$c20161023$lBLL01$h1258
=CAT  \\$aBATCH-UPD$b40$c20161122$lBLL01$h1515
=CAT  \\$aIPL-CLA$c20161231$lBLL01$h0022
=CAT  \\$a5552$b40$c20170331$lBLL01$h1359
=CAT  \\$aBATCH-UPD$b40$c20171121$lBLL01$h1651
=CAT  \\$aW1711-1005$c20171206$lBLL01$h1828
=CAT  \\$aIPL-CLA$c20171231$lBLL01$h1828
=CAT  \\$aBATCH-UPD$b00$c20181217$lBLL01$h1641
=CAT  \\$aIPL-CLA$c20181231$lBLL01$h1554
=CAT  \\$aBATCH-UPD$b00$c20191122$lBLL01$h1903
=CAT  \\$aIPL-CLA$c20191231$lBLL01$h2040
=CAT  \\$aBATCH-UPD$b00$c20201118$lBLL01$h1337
=CAT  \\$aIPL-CLA$c20201231$lBLL01$h1533
=CAT  \\$aBATCH-UPD$b00$c20221121$lBLL01$h1350
=CAT  \\$aIPL-CLA$c20221231$lBLL01$h1453
=CFI  0\$aCurrent copyright fee: GBP37.00$c2\0$e01-jan-2023$fGBP37.00$g0$hP$5Uk
=CFI  2\$aPrevious copyright fee: GBP35.00$c2\0$e01-jan-2021$fGBP35.00$g0$hP$5Uk
=FFP  \\$aY$bBLDSS-3PM
=MNI  \\$a2372-9767
=TOC  \\$aETOC
=ACF  \\$aPrevious Copyright Fee: GBP25.00$c2\0$e16-feb-2015$fGBP25.00$g0$hP$5Uk
=ACF  \\$aPrevious copyright fee: GBP26.00$c2\0$e01-jan-2016$fGBP26.00$g0$hP$5Uk
=ACF  \\$aPrevious copyright fee: GBP28.00$c2\0$e01-jan-2017$fGBP28.00$g0$hP$5Uk
=ACF  \\$aPrevious copyright fee: GBP30.00$c2\0$e01-jan-2018$fGBP30.00$g0$hP$5Uk
=ACF  \\$aPrevious copyright fee: GBP32.00$c2\0$e01-jan-2019$fGBP32.00$g0$hP$5Uk
=ACF  \\$aPrevious copyright fee: GBP34.00$c2\0$e01-jan-2020$fGBP34.00$g0$hP$5Uk
=LAS  \\$aIPL-CLA$b00$c20221231$lBLL01$h1453

