=LDR  03205cas a2200817 i 4500
=001  017078334
=003  Uk
=005  20230511163107.0
=006  m\\\\\|\\d\|\\\\\\
=007  cr\|||||||||||
=008  150223c20129999enkar\p\\\\\\\0\\\a0eng\\
=FMT  \\$a  SE
=015  \\$aGBB650348$2bnb
=022  \\$a2164-9510
=037  \\$aISSN_21649502_21$bPortico$nTaylor & Francis
=040  \\$aUk$beng$cUk$erda
=042  \\$aukblsr
=082  04$a332.015118$223
=245  00$aQuantitative finance letters.
=264  \1$a[Abingdon, Oxfordshire?] :$bRoutledge, Taylor & Francis,$c2012-
=310  \\$aAnnual
=336  \\$atext$2rdacontent
=337  \\$acomputer$2rdamedia
=338  \\$aonline resource$2rdacarrier
=362  0\$aVolume 1, issue 1 (2013)-
=500  \\$aTitle from contents page (Taylor & Francis Online, viewed April 8, 2016).
=540  \\$aCurrent Copyright Fee: zero$c2\0$5Uk
=650  \0$aFinance$vPeriodicals.
=650  \0$aBusiness mathematics$vPeriodicals.
=650  \0$aFinance$xMathematical models$vPeriodicals.
=650  \0$aInvestments$xMathematics$vPeriodicals.
=650  \0$aEconomics$vPeriodicals.
=690  7\$aManagement and Business Studies$2blcoll
=859  \\$aELD$bejournal
=856  40$31850-9999$uhttp://www.tandfonline.com/$xBLDSS
=852  41$aBritish Library$bHMNTS$jELD Digital store$3Volume 4:Issue 1(2016)
=945  \\$aQuantitative finance letters.
=979  \\$aBritish Library$cDSC$j7168.333400N
=CAT  \\$a5552$b40$c20150223$lBLL01$h1152
=CAT  \\$aBLDSS-3PM$b00$c20150513$lBLL01$h0807
=CAT  \\$aBATCH-UPD$b00$c20151119$lBLL01$h1546
=CAT  \\$a11433$b40$c20151222$lBLL01$h1115
=CAT  \\$aIPL-CLA$c20151231$lBLL01$h1936
=CAT  \\$a14448$b40$c20160201$lBLL01$h0811
=CAT  \\$a5552$b40$c20160304$lBLL01$h1049
=CAT  \\$a10806$b40$c20160408$lBLL01$h1410
=CAT  \\$a10806$b40$c20160408$lBLL01$h1411
=CAT  \\$aBATCH-UPD$b40$c20160413$lBLL01$h1828
=CAT  \\$aBATCH-MBS$c20160415$lBLL01$h2116
=CAT  \\$aBATCH-UPD$b00$c20160805$lBLL01$h0955
=CAT  \\$a5552$b40$c20170224$lBLL01$h1314
=CAT  \\$a5552$b40$c20170531$lBLL01$h1235
=CAT  \\$aW1711-1005$c20171206$lBLL01$h1828
=CAT  \\$aBATCH-CLA$b00$c20171222$lBLL01$h2219
=CAT  \\$aIPL-CLA$c20171231$lBLL01$h1828
=CAT  \\$a5552$b40$c20190212$lBLL01$h1108
=CAT  \\$aBLDSS-3PM$b00$c20190305$lBLL01$h1644
=CAT  \\$aBATCH-UPD$b00$c20190305$lBLL01$h1645
=CAT  \\$a5552$b40$c20190322$lBLL01$h0848
=CAT  \\$aBATCH-FIX$c20230511$lBLL01$h1631
=CFI  0\$aCurrent Copyright Fee: zero$c2\0$e12-feb-2019$fGBP0.00$g0$hP$5Uk
=CFI  2\$aPrevious Copyright Fee: GBP17.50$c0$e01-jan-2018$fGBP17.50$g0$hA$5Uk
=FFP  \\$aY$bBLDSS-3PM
=FIN  \\$aY$d20160408
=MNI  \\$a2164-9502
=TOC  \\$aETOC
=ACF  \\$aPrevious copyright fee: GBP15.00$c0$e31-may-2017$fGBP15.00$g0$hA$5Uk
=ACF  \\$aPrevious copyright fee: zero$c2\0$e04-mar-2016$fGBP0.00$g0$hP$5Uk
=ACF  \\$aPrevious copyright fee: GBP26.00$c2\0$e01-jan-2016$fGBP26.00$g0$hP$5Uk
=ACF  \\$aPrevious Copyright Fee: GBP25.00$c2\0$e23-feb-2015$fGBP25.00$g0$hP$5Uk
=LAS  \\$aBATCH-FIX$b00$c20230511$lBLL01$h1631

