=LDR  05250cas a2201153 i 4500
=001  017111546
=003  Uk
=005  20220930142938.0
=006  m\\\\\|\\d\|\\\\\\
=007  cr\|||||||||||
=008  150317c20029999ii\fr\p\\\\\\\0\\\a0eng\\
=FMT  \\$a  SE
=015  \\$aGBB685836$2bnb
=022  0\$a2348-9324$y0972-6225
=037  \\$aMET$bSage (UK) Ltd
=040  \\$aUk$beng$cUk$erda
=042  \\$aukblsr
=082  04$a658.00954$223
=130  0\$aMetamorphosis (Lucknow, India)
=222  \0$aMetamorphosis$b(Lucknow)
=245  10$aMetamorphosis.
=264  \1$aLucknow :$bIndian Institute of Management,$c2002-
=264  31$32016-$a[India] :$bSAGE
=310  \\$aSemiannual
=336  \\$atext$2rdacontent
=337  \\$acomputer$2rdamedia
=338  \\$aonline resource$2rdacarrier
=362  0\$a1 (1) (January 2002)-
=500  \\$aTitle from issue table of contents page (SAGE Journals, viewed June 28, 2016).
=588  \\$aLatest issue consulted: Volume 15, no. 1 (June 2016) (SAGE Journals, viewed June 28, 2016).
=540  \\$aCurrent copyright fee: GBP32.82$c19\0$5Uk
=650  \0$aManagement$zIndia$vPeriodicals.
=650  \0$aManagement$zIndia$xResearch$vPeriodicals.
=650  \7$aManagement.$2fast$0(OCoLC)fst01007141
=650  \7$aResearch.$2fast$0(OCoLC)fst01095153
=651  \7$aIndia.$2fast$0(OCoLC)fst01210276
=655  \7$aPeriodicals.$2fast$0(OCoLC)fst01411641
=690  7\$aManagement and Business Studies$2blcoll
=710  2\$aIndian Institute of Management,$eissuing body.
=776  08$iAlso issued in print as:$tMetamorphosis (Lucknow, India)$x0972-6225
=859  \\$aELD$bejournal
=856  \\$31850-9999$uhttp://www.informindia.co.in/irms/iipd_index.asp$xBLDSS
=852  41$aBritish Library$bHMNTS$jELD Digital store$3Volume 12:Issue 1(2013)-
=945  \\$aMetamorphosis -Lucknow-.
=979  \\$aBritish Library$bDSC$j5700.950000N
=985  \\$a3rd party access title for Remote supply please retain as base record when merging/deleting
=CAT  \\$a5552$b40$c20150317$lBLL01$h1046
=CAT  \\$aIPL-CLA$c20170331$lBLL01$h1922
=CAT  \\$aBATCH-UPD$b00$c20170904$lBLL01$h1743
=CAT  \\$aIPL-CLA$c20170929$lBLL01$h1808
=CAT  \\$aW1711-1005$c20171206$lBLL01$h1828
=CAT  \\$a5552$b40$c20180212$lBLL01$h1428
=CAT  \\$aBATCH-UPD$b40$c20180223$lBLL01$h1652
=CAT  \\$aIPL-CLA$c20180331$lBLL01$h1711
=CAT  \\$aBATCH-UPD$b00$c20180823$lBLL01$h1935
=CAT  \\$aIPL-CLA$c20180930$lBLL01$h1517
=CAT  \\$aBATCH-UPD$b00$c20190521$lBLL01$h1408
=CAT  \\$aIPL-CLA$c20190630$lBLL01$h1548
=CAT  \\$aBATCH-UPD$b00$c20190829$lBLL01$h1517
=CAT  \\$aIPL-CLA$c20190930$lBLL01$h1654
=CAT  \\$aBATCH-UPD$b00$c20200219$lBLL01$h1509
=CAT  \\$aIPL-CLA$c20200331$lBLL01$h1632
=CAT  \\$aBATCH-UPD$b00$c20200522$lBLL01$h1447
=CAT  \\$aIPL-CLA$c20200701$lBLL01$h0118
=CAT  \\$aBATCH-UPD$b00$c20210226$lBLL01$h1028
=CAT  \\$aIPL-CLA$c20210331$lBLL01$h1703
=CAT  \\$aBATCH-UPD$b00$c20210707$lBLL01$h1552
=CAT  \\$aIPL-CLA$c20210707$lBLL01$h1845
=CAT  \\$aBATCH-UPD$b00$c20220520$lBLL01$h1639
=CAT  \\$aIPL-CLA$c20220630$lBLL01$h1540
=CAT  \\$aBATCH-UPD$b00$c20220824$lBLL01$h0906
=CAT  \\$aIPL-CLA$c20220930$lBLL01$h1429
=CFI  0\$aCurrent copyright fee: GBP32.82$c19\0$e01-oct-2022$fGBP32.82$g0$hP$5Uk
=CFI  2\$aPrevious copyright fee: GBP31.50$c19\0$e01-jul-2022$fGBP31.50$g0$hP$5Uk
=FFP  \\$aY$bBLDSS-3PM
=FIN  \\$aY$d20160628
=LET  \0$aMetamorphosis (Electronic)
=MNI  \\$a0972-6225
=TOC  \\$aETOC
=UNO  \\$aY
=ACF  \\$aPrevious Copyright Fee: GBP3.40$c104\0$e17-mar-2015$fGBP3.40$g0$hP$5Uk
=ACF  \\$aPrevious copyright fee: GBP3.63$c104\0$e01-apr-2015$fGBP3.63$g0$hP$5Uk
=ACF  \\$aPrevious copyright fee: GBP3.75$c104\0$e01-jul-2015$fGBP3.75$g0$hP$5Uk
=ACF  \\$aPrevious copyright fee: GBP3.63$c104\0$e01-oct-2015$fGBP3.63$g0$hP$5Uk
=ACF  \\$aPrevious copyright fee: GBP3.88$c104\0$e01-apr-2016$fGBP3.88$g0$hP$5Uk
=ACF  \\$aPrevious copyright fee: GBP4.16$c104\0$e01-oct-2016$fGBP4.16$g0$hP$5Uk
=ACF  \\$aPrevious copyright fee: GBP7.41$c104\0$e01-jan-2017$fGBP7.41$g0$hP$5Uk
=ACF  \\$aPrevious copyright fee: GBP7.69$c104\0$e01-oct-2017$fGBP7.69$g0$hP$5Uk
=ACF  \\$aPrevious copyright fee: GBP8.00$c104\0$e01-apr-2017$fGBP8.00$g0$hP$5Uk
=ACF  \\$aPrevious copyright fee: GBP27.69$c19\0$e12-feb-2018$fGBP27.69$g0$hP$5Uk
=ACF  \\$aPrevious copyright fee: GBP25.71$c19\0$e01-apr-2018$fGBP25.71$g0$hP$5Uk
=ACF  \\$aPrevious copyright fee: GBP27.69$c19\0$e01-oct-2018$fGBP27.69$g0$hP$5Uk
=ACF  \\$aPrevious copyright fee: GBP29.08$c19\0$e01-jul-2019$fGBP29.08$g0$hP$5Uk
=ACF  \\$aPrevious copyright fee: GBP30.24$c19\0$e01-oct-2019$fGBP30.24$g0$hP$5Uk
=ACF  \\$aPrevious copyright fee: GBP30.29$c19\0$e01-apr-2020$fGBP30.29$g0$hP$5Uk
=ACF  \\$aPrevious copyright fee: GBP31.50$c19\0$e01-jul-2020$fGBP31.50$g0$hP$5Uk
=ACF  \\$aPrevious copyright fee: GBP29.17$c19\0$e01-apr-2021$fGBP29.17$g0$hP$5Uk
=ACF  \\$aPrevious copyright fee: GBP28.13$c19\0$e07-jul-2021$fGBP28.13$g0$hP$5Uk
=LAS  \\$aIPL-CLA$b00$c20220930$lBLL01$h1429

