=LDR  03274cas a2200793 i 4500
=001  017132407
=003  Uk
=005  20211231154717.0
=006  m\\\\\|\\d\|\\\\\\
=007  cr\|||||||||||
=008  150331c20149999ne\br\p\o\\\\\0\\\a0eng\\
=FMT  \\$a  SE
=015  \\$aGBB564256$2bnb
=022  \\$a2214-6296
=037  \\$aISSN_22146296$bPortico$nElsevier
=040  \\$aUk$beng$cUk$erda
=042  \\$aukblsr
=082  04$a333.7905$223
=222  \0$aEnergy research & social science$b(Online)
=245  00$aEnergy research & social science.
=246  3\$aEnergy research and social science
=246  13$iAlso known as:$aERSS
=264  \1$a[Amsterdam] :$bElsevier,$c2014-
=300  \\$billustrations (black and white, and colour)
=336  \\$atext$2rdacontent
=337  \\$acomputer$2rdamedia
=338  \\$aonline resource$2rdacarrier
=362  0\$aVolume 1 (March 2014)-
=500  \\$aTitle from table of contents page (ScienceDirect, viewed May 19, 2015).
=588  \\$aLatest issue consulted: Volume 7 (May 2015) (viewed May 19, 2015).
=540  \\$aCurrent copyright fee: GBP34.30$c5\1$5Uk
=650  \0$aPower resources$xSocial aspects$vPeriodicals.
=650  \0$aEnergy consumption$xSocial aspects$vPeriodicals.
=776  08$iAlso issued in print as:$tEnergy research & social science$x2214-6296
=859  \\$aELD$bejournal
=856  \\$31850-9999$uhttp://www.sciencedirect.com/$xBLDSS
=852  41$aBritish Library$bHMNTS$jELD Digital store$3Volume 5(2015:Jan.)-***Previous issues available in print copy
=945  \\$aEnergy research and social science.
=979  \\$aBritish Library$bDSC$j3747.750450N
=CAT  \\$a10902$b40$c20150331$lBLL01$h1122
=CAT  \\$a8124$b40$c20150519$lBLL01$h0922
=CAT  \\$a11316$b40$c20150522$lBLL01$h1442
=CAT  \\$aBATCH-CLA$b00$c20150529$lBLL01$h1529
=CAT  \\$aIPL-CLA$c20150630$lBLL01$h1724
=CAT  \\$aBATCH-CLA$b00$c20151127$lBLL01$h1630
=CAT  \\$aWR15058$c20151230$lBLL01$h1441
=CAT  \\$a5552$b40$c20160120$lBLL01$h1156
=CAT  \\$aBLDSS-3PM$b00$c20160201$lBLL01$h1812
=CAT  \\$aBATCH-UPD$b00$c20160413$lBLL01$h1828
=CAT  \\$aBATCH-UPD$b00$c20160524$lBLL01$h1451
=CAT  \\$a5552$b40$c20161202$lBLL01$h1209
=CAT  \\$aBATCH-UPD$b40$c20171121$lBLL01$h1756
=CAT  \\$aW1711-1005$c20171206$lBLL01$h1828
=CAT  \\$aIPL-CLA$c20171231$lBLL01$h1828
=CAT  \\$aBATCH-UPD$b00$c20190521$lBLL01$h1446
=CAT  \\$aIPL-CLA$c20190630$lBLL01$h1548
=CAT  \\$aBATCH-UPD$b00$c20211119$lBLL01$h1603
=CAT  \\$aIPL-CLA$c20211231$lBLL01$h1547
=CFI  0\$aCurrent copyright fee: GBP34.30$c5\1$e01-jan-2022$fGBP34.30$g0$hP$5Uk
=CFI  2\$aPrevious copyright fee: GBP32.84$c5\1$e01-jul-2019$fGBP32.84$g0$hP$5Uk
=FFP  \\$aY$bBLDSS-3PM
=FIN  \\$aY$d20150519
=LET  \0$aEnergy research & social science (Electronic)
=LKR  \\$aPAR$b016837393$lBLL01$nEnergy research & social science (Print)$mEnergy research & social science (Online)$r776
=MNI  \\$a2214-6296
=TOC  \\$aETOC
=ACF  \\$aPrevious copyright fee: GBP22.50$c5\1$e20-jan-2016$fGBP22.50$g0$hP$5Uk
=ACF  \\$aPrevious copyright fee: GBP23.40$c5\1$e01-jan-2018$fGBP23.40$g0$hP$5Uk
=LAS  \\$aIPL-CLA$b00$c20211231$lBLL01$h1547

