=LDR  03301cas a2200781 i 4500
=001  017132528
=003  Uk
=005  20211231154717.0
=006  m\\\\\|\\d\|\\\\\\
=007  cr\|||||||||||
=008  150331c20139999ne\br\p\o\\\\\0\\\a0eng\\
=FMT  \\$a  SE
=015  \\$aGBB541076$2bnb
=022  0\$a2214-2134$y2214-2126
=037  \\$aISSN_22142126$bPortico$nElsevier
=040  \\$aUk$beng$cUk$erda
=042  \\$aukblsr
=082  04$a005.805$223
=222  \0$aJournal of information security and applications$b(Online)
=245  00$aJournal of information security and applications.
=264  \1$a[Amsterdam] :$bElsevier,$c2013-
=310  \\$aBimonthly
=336  \\$atext$2rdacontent
=337  \\$acomputer$2rdamedia
=338  \\$aonline resource$2rdacarrier
=362  0\$aVolume 18, issue 1 (July 2013)-
=515  \\$aNumbering continues from previous title.
=588  \\$aLatest issue consulted: volume 19, issue 6 (December 2014), viewed March 31, 2015.
=540  \\$aCurrent copyright fee: GBP34.30$c5\1$5Uk
=650  \0$aComputer security$vPeriodicals.
=650  \0$aInformation technology$xSecurity measures$vPeriodicals.
=776  08$iAlso issued in print as:$tJournal of information security and applications$x2214-2126
=859  \\$aELD$bejournal
=856  \\$31850-9999$uhttp://www.sciencedirect.com/$xBLDSS
=852  41$aBritish Library$bSTI$jELD Digital store$3Volume 20(2015)-***Previous issues available in print copy
=945  \\$aJournal of information security and applications.
=979  \\$aBritish Library$bDSC$j5006.776200N
=CAT  \\$a11315$b40$c20150331$lBLL01$h1407
=CAT  \\$a11315$b40$c20150331$lBLL01$h1409
=CAT  \\$a8311$b40$c20150410$lBLL01$h0903
=CAT  \\$aBATCH-CLA$b00$c20150529$lBLL01$h1529
=CAT  \\$aIPL-CLA$c20150630$lBLL01$h1724
=CAT  \\$aBATCH-CLA$b00$c20151127$lBLL01$h1631
=CAT  \\$aWR15058$c20151230$lBLL01$h1441
=CAT  \\$a5552$b40$c20160120$lBLL01$h1056
=CAT  \\$aBLDSS-3PM$b00$c20160201$lBLL01$h1812
=CAT  \\$aBATCH-UPD$b00$c20160413$lBLL01$h1828
=CAT  \\$aBATCH-UPD$b00$c20160603$lBLL01$h1858
=CAT  \\$a5552$b40$c20170420$lBLL01$h1054
=CAT  \\$aBATCH-UPD$b40$c20171121$lBLL01$h1756
=CAT  \\$aW1711-1005$c20171206$lBLL01$h1828
=CAT  \\$aIPL-CLA$c20171231$lBLL01$h1828
=CAT  \\$a5552$b40$c20190322$lBLL01$h0848
=CAT  \\$aBATCH-UPD$b40$c20190521$lBLL01$h1446
=CAT  \\$aIPL-CLA$c20190630$lBLL01$h1548
=CAT  \\$aBATCH-UPD$b00$c20211119$lBLL01$h1603
=CAT  \\$aIPL-CLA$c20211231$lBLL01$h1547
=CFI  0\$aCurrent copyright fee: GBP34.30$c5\1$e01-jan-2022$fGBP34.30$g0$hP$5Uk
=CFI  2\$aPrevious copyright fee: GBP32.84$c5\1$e01-jul-2019$fGBP32.84$g0$hP$5Uk
=FFP  \\$aY$bBLDSS-3PM
=FIN  \\$aY$d20150331
=LET  \0$aJournal of information security and applications (Electronic)
=LKR  \\$aPAR$b016554197$lBLL01$nJournal of information security and applications (Print)$mJournal of information security and applications (Online)$r776
=MNI  \\$a2214-2126
=TOC  \\$aETOC
=ACF  \\$aPrevious copyright fee: GBP22.50$c5\1$e20-jan-2016$fGBP22.50$g0$hP$5Uk
=ACF  \\$aPrevious copyright fee: GBP23.40$c5\1$e01-jan-2018$fGBP23.40$g0$hP$5Uk
=LAS  \\$aIPL-CLA$b00$c20211231$lBLL01$h1547

