=LDR  01464 as a22003977a 4500
=001  017162743
=003  Uk
=005  20170222122042.0
=007  ta
=008  150420c\\\\9999\\\\\\\\\\\\\\0\\\a0eng\\
=FMT  \\$a  SE
=022  \\$a2331-2041
=037  \\$aISSN_23312041$bPortico$nTaylor & Francis
=040  \\$aUk$beng$cUk
=245  00$aCogent geoscience.
=264  \1$aAbingdon, Oxfordshire, UK :$bCogent OA, an imprint of Taylor & Francis,$c2014-
=336  \\$atext$2rdacontent
=337  \\$acomputer$2rdamedia
=338  \\$aonline resource$2rdacarrier
=540  \\$aCurrent copyright fee: zero$c2\0$5Uk
=856  \\$31850-9999$uhttp://www.tandfonline.com/$xBLDSS
=859  \\$aELD$bejournal
=852  41$aBritish Library$bHMNTS$jELD Digital store$3Volume 2:Issue 1(2016)-Volume 5:Issue 1(2019)
=945  \\$aCogent geoscience.
=979  \\$aBritish Library$bDSC$j3292.866960N
=985  \\$a3rd party access title for Remote supply please retain as base record when merging/deleting
=CAT  \\$a5552$b40$c20150420$lBLL01$h0924
=CAT  \\$aBLDSS-3PM$b00$c20150513$lBLL01$h0807
=CAT  \\$aBATCH-UPD$b00$c20160413$lBLL01$h1828
=CAT  \\$a5552$b40$c20161222$lBLL01$h1156
=CAT  \\$a10983$b40$c20170222$lBLL01$h1220
=CAT  \\$aW1711-1005$c20171206$lBLL01$h1828
=CFI  0\$aCurrent copyright fee: zero$c2\0$e20-apr-2015$fGBP0.00$g0$hP$5Uk
=FFP  \\$aY$bBLDSS-3PM
=TOC  \\$aETOC
=LAS  \\$aW1711-1005$b00$c20171206$lBLL01$h1828

