=LDR  02851cas a2200745 i 4500
=001  017163740
=003  Uk
=005  20211231154720.0
=006  m\\\\\|\\d\|\\\\\\
=007  cr\|||||||||||
=008  150421c20149999ne\qr\p\o\\\\\0\\\a0eng\\
=FMT  \\$a  SE
=015  \\$aGBB566291$2bnb
=022  0\$a2214-7144
=037  \\$aISSN_22147144$bPortico$nElsevier
=040  \\$aUk$beng$cUk$erda
=042  \\$aukblsr
=082  04$a627$223
=222  \0$aJournal of water process engineering
=245  00$aJournal of water process engineering.
=264  \1$aAmsterdam :$bElsevier
=310  \\$aQuarterly
=336  \\$atext$2rdacontent
=337  \\$acomputer$2rdamedia
=338  \\$aonline resource$2rdacarrier
=362  0\$aVolume 1 (April 2014)-
=588  \\$aLatest issue consulted: volume 5 (April 2015) ScienceDirect viewed May 20, 2015.
=540  \\$aCurrent copyright fee: GBP34.30$c5\1$5Uk
=650  \0$aWater-supply engineering$vPeriodicals.
=650  \0$aSaline water conversion$vPeriodicals.
=650  \0$aSeawater$xDistillation$vPeriodicals.
=650  \0$aSanitary engineering$vPeriodicals.
=650  \0$aSewage$xPurification$vPeriodicals.
=859  \\$aELD$bejournal
=856  \\$31850-9999$uhttp://www.sciencedirect.com/$xBLDSS
=852  41$aBritish Library$bHMNTS$jELD Digital store$3Volume 5(2015)-
=945  \\$aJournal of water process engineering.
=979  \\$aBritish Library$bDSC$j5072.538500N
=CAT  \\$a8311$b40$c20150421$lBLL01$h1414
=CAT  \\$a11315$b40$c20150520$lBLL01$h1142
=CAT  \\$aBATCH-CLA$b00$c20150529$lBLL01$h1528
=CAT  \\$aIPL-CLA$c20150630$lBLL01$h1725
=CAT  \\$aBATCH-CLA$b00$c20151127$lBLL01$h1629
=CAT  \\$aWR15058$c20151230$lBLL01$h1442
=CAT  \\$a5552$b40$c20160119$lBLL01$h1341
=CAT  \\$aBLDSS-3PM$b00$c20160201$lBLL01$h1812
=CAT  \\$aBATCH-UPD$b00$c20160413$lBLL01$h1828
=CAT  \\$aBATCH-UPD$b00$c20160608$lBLL01$h1949
=CAT  \\$a5552$b40$c20170124$lBLL01$h1047
=CAT  \\$a10806$b40$c20170921$lBLL01$h1619
=CAT  \\$aBATCH-UPD$b40$c20171121$lBLL01$h1756
=CAT  \\$aW1711-1005$c20171206$lBLL01$h1828
=CAT  \\$aIPL-CLA$c20171231$lBLL01$h1829
=CAT  \\$aBATCH-UPD$b00$c20190521$lBLL01$h1447
=CAT  \\$aIPL-CLA$c20190630$lBLL01$h1549
=CAT  \\$aBATCH-UPD$b00$c20211119$lBLL01$h1603
=CAT  \\$aIPL-CLA$c20211231$lBLL01$h1547
=CFI  0\$aCurrent copyright fee: GBP34.30$c5\1$e01-jan-2022$fGBP34.30$g0$hP$5Uk
=CFI  2\$aPrevious copyright fee: GBP32.84$c5\1$e01-jul-2019$fGBP32.84$g0$hP$5Uk
=FFP  \\$aY$bBLDSS-3PM
=FIN  \\$aY$d20150520
=TOC  \\$aETOC
=ACF  \\$aPrevious copyright fee: GBP22.50$c5\1$e19-jan-2016$fGBP22.50$g0$hP$5Uk
=ACF  \\$aPrevious copyright fee: GBP23.40$c5\1$e01-jan-2018$fGBP23.40$g0$hP$5Uk
=LAS  \\$aIPL-CLA$b00$c20211231$lBLL01$h1547

