=LDR  03302cas a2200793 i 4500
=001  017169406
=003  Uk
=005  20211231154720.0
=006  m\\\\\|\\d\|\\\\\\
=007  cr\|||||||||||
=008  150423c20119999ne\br\p\o\\\\\0\\\a0eng\\
=FMT  \\$a  SE
=015  \\$aGBB556320$2bnb
=022  \\$a2210-8467
=037  \\$aISSN_22108440$bPortico$nElsevier
=040  \\$aUk$beng$cUk$erda
=042  \\$aukblsr
=082  04$a617.9605$223
=222  \0$aTrends in anaesthesia and critical care$b(Online)
=245  00$aTrends in anaesthesia and critical care.
=246  3\$aTrends in anaesthesia and critical care
=264  \1$a[Amsterdam] :$bElsevier,$c2011-
=310  \\$aBimonthly
=336  \\$atext$2rdacontent
=337  \\$acomputer$2rdamedia
=338  \\$aonline resource$2rdacarrier
=362  0\$aVolume 1, issue 1 (February 2011)-
=588  \\$aDescription based on: olume 1, issue 1 (February 2011); title from journal information screen (ScienceDirect, viewed April 29, 2015).
=588  \\$aLatest issue consulted: volume 5, issue 1 (February 2015) (ScienceDirect, viewed April 29, 2015).
=540  \\$aCurrent copyright fee: GBP34.30$c5\1$5Uk
=650  \0$aAnesthesia$vPeriodicals.
=650  \0$aCritical care medicine$vPeriodicals.
=650  \0$aAnesthesia in traumatology$vPeriodicals.
=650  \0$aAnesthesia$vCase studies$vPeriodicals.
=776  08$iAlso issued in print as:$tTrends in anaesthesia & critical care$x2210-8440
=859  \\$aELD$bejournal
=856  \\$31850-9999$uhttp://www.sciencedirect.com/$xBLDSS
=852  41$aBritish Library$bHMNTS$jELD Digital store$3Volume 5:Issue 1(2015)-
=945  \\$aTrends in anaesthesia and critical care.
=979  \\$aBritish Library$bDSC$j9049.528960N
=CAT  \\$a11384$b40$c20150423$lBLL01$h1622
=CAT  \\$a5997$b40$c20150429$lBLL01$h1132
=CAT  \\$aBATCH-CLA$b00$c20150529$lBLL01$h1529
=CAT  \\$aIPL-CLA$c20150630$lBLL01$h1725
=CAT  \\$aBATCH-CLA$b00$c20151127$lBLL01$h1631
=CAT  \\$aWR15058$c20151230$lBLL01$h1442
=CAT  \\$a5552$b40$c20160119$lBLL01$h1341
=CAT  \\$aBLDSS-3PM$b00$c20160201$lBLL01$h1812
=CAT  \\$aBATCH-UPD$b00$c20160413$lBLL01$h1828
=CAT  \\$aBATCH-UPD$b00$c20160602$lBLL01$h1104
=CAT  \\$a5552$b40$c20170210$lBLL01$h1403
=CAT  \\$aBATCH-UPD$b40$c20171121$lBLL01$h1756
=CAT  \\$aW1711-1005$c20171206$lBLL01$h1828
=CAT  \\$aIPL-CLA$c20171231$lBLL01$h1829
=CAT  \\$aBATCH-UPD$b00$c20190521$lBLL01$h1447
=CAT  \\$aIPL-CLA$c20190630$lBLL01$h1549
=CAT  \\$aBATCH-UPD$b00$c20211119$lBLL01$h1603
=CAT  \\$aIPL-CLA$c20211231$lBLL01$h1547
=CFI  0\$aCurrent copyright fee: GBP34.30$c5\1$e01-jan-2022$fGBP34.30$g0$hP$5Uk
=CFI  2\$aPrevious copyright fee: GBP32.84$c5\1$e01-jul-2019$fGBP32.84$g0$hP$5Uk
=FFP  \\$aY$bBLDSS-3PM
=FIN  \\$aY$d20150429
=LET  \0$a2210-8440
=LKR  \\$aPAR$b015780274$lBLL01$nTrends in anaesthesia & critical care (Print)$mTrends in anaesthesia & critical care (Online)$r776
=MNI  \\$a2210-8440
=TOC  \\$aETOC
=ACF  \\$aPrevious copyright fee: GBP22.50$c5\1$e19-jan-2016$fGBP22.50$g0$hP$5Uk
=ACF  \\$aPrevious copyright fee: GBP23.40$c5\1$e01-jan-2018$fGBP23.40$g0$hP$5Uk
=LAS  \\$aIPL-CLA$b00$c20211231$lBLL01$h1547

