=LDR  03051cas a2200745 i 4500
=001  017170178
=003  Uk
=005  20211231154720.0
=006  m\\\\\|\\d\|\\\\\\
=007  cr\|||||||||||
=008  150424c20159999ne\br\p\o\\\\\0\\\a0eng\\
=FMT  \\$a  SE
=015  \\$aGBB560589$2bnb
=022  \\$a2352-1554
=037  \\$aISSN_23521546$bPortico$nElsevier
=040  \\$aUk$beng$cUk$dUk$erda
=042  \\$aukblsr
=082  04$a150.5$223
=222  \0$aCurrent opinion in behavioral sciences$b(Online)
=245  00$aCurrent opinion in behavioral sciences.
=264  \1$aAmsterdam :$bElsevier,$c2015-
=310  \\$aBimonthly
=336  \\$atext$2rdacontent
=337  \\$acomputer$2rdamedia
=338  \\$aonline resource$2rdacarrier
=588  \\$aDescription based on print version record.
=588  \\$aLatest issue consulted: volume 2 (April 2015) (ScienceDirect viewed, May 6, 2015).
=540  \\$aCurrent copyright fee: GBP34.30$c5\1$5Uk
=650  \0$aPsychology$vPeriodicals.
=776  08$iAlso issued in print as:$tCurrent opinion in behavioral sciences.$x2352-1546
=859  \\$aELD$bejournal
=856  \\$31850-9999$uhttp://www.sciencedirect.com/$xBLDSS
=852  41$aBritish Library$bHMNTS$jELD Digital store$3Volume 3(2015)-***Previous issues available in print copy
=945  \\$aCurrent opinion in behavioral sciences
=979  \\$aBritish Library$bDSC$j3500.772300N
=CAT  \\$a8411$b40$c20150424$lBLL01$h1050
=CAT  \\$a5110$b40$c20150506$lBLL01$h1325
=CAT  \\$aBATCH-CLA$b00$c20150529$lBLL01$h1529
=CAT  \\$aIPL-CLA$c20150630$lBLL01$h1725
=CAT  \\$aBATCH-UPD$b00$c20150928$lBLL01$h0413
=CAT  \\$aBATCH-CLA$b00$c20151127$lBLL01$h1631
=CAT  \\$aWR15058$c20151230$lBLL01$h1442
=CAT  \\$a5552$b40$c20160119$lBLL01$h1341
=CAT  \\$aBLDSS-3PM$b00$c20160201$lBLL01$h1812
=CAT  \\$aBATCH-UPD$b00$c20160413$lBLL01$h1828
=CAT  \\$aBATCH-UPD$b00$c20160518$lBLL01$h1552
=CAT  \\$a5552$b40$c20161215$lBLL01$h1118
=CAT  \\$aBATCH-UPD$b40$c20171121$lBLL01$h1756
=CAT  \\$aW1711-1005$c20171206$lBLL01$h1828
=CAT  \\$aIPL-CLA$c20171231$lBLL01$h1829
=CAT  \\$aBATCH-UPD$b00$c20190521$lBLL01$h1447
=CAT  \\$aIPL-CLA$c20190630$lBLL01$h1549
=CAT  \\$aBATCH-UPD$b00$c20211119$lBLL01$h1603
=CAT  \\$aIPL-CLA$c20211231$lBLL01$h1547
=CFI  0\$aCurrent copyright fee: GBP34.30$c5\1$e01-jan-2022$fGBP34.30$g0$hP$5Uk
=CFI  2\$aPrevious copyright fee: GBP32.84$c5\1$e01-jul-2019$fGBP32.84$g0$hP$5Uk
=FFP  \\$aY$bBLDSS-3PM
=FIN  \\$aY$d20150506
=LET  \0$aCurrent opinion in behavioral sciences (Electronic)
=LKR  \\$aPAR$b017077259$lBLL01$nCurrent opinion in behavioral sciences (Print)$mCurrent opinion in behavioral sciences (Online)$r776
=MNI  \\$a2352-1546
=TOC  \\$aETOC
=ACF  \\$aPrevious copyright fee: GBP22.50$c5\1$e19-jan-2016$fGBP22.50$g0$hP$5Uk
=ACF  \\$aPrevious copyright fee: GBP23.40$c5\1$e01-jan-2018$fGBP23.40$g0$hP$5Uk
=LAS  \\$aIPL-CLA$b00$c20211231$lBLL01$h1547

