=LDR  02878cas a2200709 i 4500
=001  017170384
=003  Uk
=005  20190322084851.0
=006  m\\\\\|\\d\|\\\\\\
=007  cr\|||||||||||
=008  150424c20119999enkqr\p\o\\\\\0\\\a0eng\\
=FMT  \\$a  SE
=015  \\$aGBB556362$2bnb
=022  \\$a1878-9307
=037  \\$aISSN_18789293$bPortico$nElsevier
=040  \\$aUk$beng$cUk$erda
=042  \\$aukblsr
=082  04$a612.8233$223
=222  \0$aDevelopmental cognitive neuroscience.$b(Amsterdam. Online)
=245  00$aDevelopmental cognitive neuroscience :$ba journal for cognitive, affective and social developmental neuroscience.
=264  \1$aOxford :$bElsevier,$c2011-
=310  \\$aQuarterly
=336  \\$atext$2rdacontent
=337  \\$acomputer$2rdamedia
=338  \\$aonline resource$2rdacarrier
=362  0\$aPrint began in 2011.
=588  \\$aDescription based on print version record.
=588  \\$aLatest issue consulted: volume 12 (April 2015) (ScienceDirect, viewed April 29, 2015).
=540  \\$aCurrent copyright fee: zero$c5\1$5Uk
=650  \0$aCognitive neuroscience$vPeriodicals.
=650  \0$aDevelopmental neurobiology$vPeriodicals.
=650  \0$aNeuropsychology$vPeriodicals.
=650  \0$aNeuropsychiatry$vPeriodicals.
=776  08$iAlso issued in print as:$tDevelopmental cognitive neuroscience$x1878-9293
=859  \\$aELD$bejournal
=856  \\$31850-9999$uhttp://www.sciencedirect.com/$xBLDSS
=852  41$aBritish Library$bSTI$jELD Digital store$3Volume 15(2015)-***Previous issues available in print copy
=945  \\$aDevelopmental cognitive neuroscience
=979  \\$aBritish Library$bDSC$j3579.054280N
=CAT  \\$a8411$b40$c20150424$lBLL01$h1607
=CAT  \\$a5110$b40$c20150429$lBLL01$h1417
=CAT  \\$aBATCH-CLA$b00$c20150529$lBLL01$h1529
=CAT  \\$aIPL-CLA$c20150630$lBLL01$h1725
=CAT  \\$aBATCH-CLA$b00$c20151127$lBLL01$h1631
=CAT  \\$aWR15058$c20151230$lBLL01$h1442
=CAT  \\$a5552$b40$c20160119$lBLL01$h1342
=CAT  \\$aBLDSS-3PM$b00$c20160201$lBLL01$h1812
=CAT  \\$aBATCH-UPD$b00$c20160413$lBLL01$h1828
=CAT  \\$a5552$b40$c20160429$lBLL01$h1149
=CAT  \\$aBATCH-UPD$b40$c20160523$lBLL01$h1421
=CAT  \\$a5552$b40$c20161215$lBLL01$h1131
=CAT  \\$aW1711-1005$c20171206$lBLL01$h1828
=CAT  \\$a5552$b40$c20190322$lBLL01$h0848
=CFI  0\$aCurrent copyright fee: zero$c5\1$e29-apr-2016$fGBP0.00$g0$hP$5Uk
=CFI  2\$aPrevious copyright fee: GBP22.50$c5\1$e19-jan-2016$fGBP22.50$g0$hP$5Uk
=FFP  \\$aY$bBLDSS-3PM
=FIN  \\$aY$d20150429
=LET  \0$aDevelopmental cognitive neuroscience (Electronic)
=LKR  \\$aPAR$b015867620$lBLL01$nDevelopmental cognitive neuroscience (Print)$mDevelopmental cognitive neuroscience (Online)$r776
=MNI  \\$a1878-9293
=TOC  \\$aETOC
=LAS  \\$a5552$b40$c20190322$lBLL01$h0848

