=LDR  03862cas a22008657a 4500
=001  017386329
=003  Uk
=005  20220930142949.0
=007  ta
=008  150605c\\\\9999\\\\\\\\\\\\\\0\\\a0eng\\
=FMT  \\$a  SE
=022  \\$a2249-8818$l0976-0911
=037  \\$a???$bSage (UK) Ltd
=040  \\$aUk$beng$cUk
=245  00$aMedia watch.
=264  \1$aPuri :$bCentre for Communication Studies$c2010-
=336  \\$atext$2rdacontent
=337  \\$acomputer$2rdamedia
=338  \\$aonline resource$2rdacarrier
=540  \\$aCurrent copyright fee: GBP8.33$c104\0$5Uk
=776  0\$tMedia watch (Puri)$x0976-0911
=856  \\$31850-9999$uhttp://i-scholar.in$xBLDSS
=859  \\$aELD$bejournal
=852  41$aBritish Library$bHMNTS$jELD Digital store$3Volume 4:Issue 1(2013)-
=945  \\$aMedia watch.
=979  \\$aBritish Library$bDSC$j5525.262950N
=985  \\$a3rd party access title for Remote supply please retain as base record when merging/deleting
=CAT  \\$a5552$b40$c20150605$lBLL01$h1107
=CAT  \\$aBATCH-UPD$b00$c20170221$lBLL01$h1728
=CAT  \\$a5552$b40$c20170329$lBLL01$h0924
=CAT  \\$aIPL-CLA$c20170331$lBLL01$h1923
=CAT  \\$aBATCH-UPD$b00$c20170904$lBLL01$h1744
=CAT  \\$aIPL-CLA$c20170929$lBLL01$h1808
=CAT  \\$aBATCH-UPD$b00$c20180223$lBLL01$h1546
=CAT  \\$aIPL-CLA$c20180331$lBLL01$h1712
=CAT  \\$aBATCH-UPD$b00$c20180823$lBLL01$h1904
=CAT  \\$aIPL-CLA$c20180930$lBLL01$h1518
=CAT  \\$aBATCH-UPD$b00$c20190829$lBLL01$h1439
=CAT  \\$aIPL-CLA$c20190930$lBLL01$h1654
=CAT  \\$aBATCH-UPD$b00$c20200219$lBLL01$h1427
=CAT  \\$aIPL-CLA$c20200331$lBLL01$h1632
=CAT  \\$aBATCH-UPD$b00$c20200522$lBLL01$h1419
=CAT  \\$aIPL-CLA$c20200701$lBLL01$h0118
=CAT  \\$aBATCH-UPD$b00$c20210226$lBLL01$h1000
=CAT  \\$aIPL-CLA$c20210331$lBLL01$h1703
=CAT  \\$aBATCH-UPD$b00$c20210707$lBLL01$h1523
=CAT  \\$aIPL-CLA$c20210707$lBLL01$h1845
=CAT  \\$aBATCH-UPD$b00$c20220520$lBLL01$h1553
=CAT  \\$aIPL-CLA$c20220630$lBLL01$h1540
=CAT  \\$a10983$b40$c20220804$lBLL01$h1213
=CAT  \\$a10983$b40$c20220804$lBLL01$h1226
=CAT  \\$aBATCH-UPD$b40$c20220824$lBLL01$h0826
=CAT  \\$aIPL-CLA$c20220930$lBLL01$h1429
=CFI  0\$aCurrent copyright fee: GBP8.33$c104\0$e01-oct-2022$fGBP8.33$g0$hP$5Uk
=CFI  2\$aPrevious copyright fee: GBP8.00$c104\0$e01-jul-2022$fGBP8.00$g0$hP$5Uk
=FFP  \\$aY$bBLDSS-3PM
=MNI  \\$a0976-0911
=TOC  \\$aETOC
=UNO  \\$aY
=ACF  \\$aPrevious copyright fee: GBP3.63$c104\0$e04-jun-2015$fGBP3.63$g0$hP$5Uk
=ACF  \\$aPrevious copyright fee: GBP3.75$c104\0$e01-jul-2015$fGBP3.75$g0$hP$5Uk
=ACF  \\$aPrevious copyright fee: GBP3.63$c104\0$e01-oct-2015$fGBP3.63$g0$hP$5Uk
=ACF  \\$aPrevious copyright fee: GBP3.88$c104\0$e01-apr-2016$fGBP3.88$g0$hP$5Uk
=ACF  \\$aPrevious copyright fee: GBP4.16$c104\0$e01-oct-2016$fGBP4.16$g0$hP$5Uk
=ACF  \\$aPrevious copyright fee: GBP7.41$c104\0$e01-jan-2017$fGBP7.41$g0$hP$5Uk
=ACF  \\$aPrevious copyright fee: GBP8.00$c104\0$e01-apr-2017$fGBP8.00$g0$hP$5Uk
=ACF  \\$aPrevious copyright fee: GBP7.69$c104\0$e01-oct-2017$fGBP7.69$g0$hP$5Uk
=ACF  \\$aPrevious copyright fee: GBP7.14$c104\0$e01-apr-2018$fGBP7.14$g0$hP$5Uk
=ACF  \\$aPrevious copyright fee: GBP7.69$c104\0$e01-oct-2018$fGBP7.69$g0$hP$5Uk
=ACF  \\$aPrevious copyright fee: GBP8.00$c104\0$e01-oct-2019$fGBP8.00$g0$hP$5Uk
=ACF  \\$aPrevious copyright fee: GBP7.69$c104\0$e01-apr-2020$fGBP7.69$g0$hP$5Uk
=ACF  \\$aPrevious copyright fee: GBP8.00$c104\0$e01-jul-2020$fGBP8.00$g0$hP$5Uk
=ACF  \\$aPrevious copyright fee: GBP7.41$c104\0$e01-apr-2021$fGBP7.41$g0$hP$5Uk
=ACF  \\$aPrevious copyright fee: GBP7.14$c104\0$e07-jul-2021$fGBP7.14$g0$hP$5Uk
=LAS  \\$aIPL-CLA$b00$c20220930$lBLL01$h1429

