=LDR  03827cas a22008537a 4500
=001  017389168
=003  Uk
=005  20220601103238.0
=007  cr\|||||||||||
=008  150609c\\\\9999\\\\\\\\\\\\\\0\\\a0eng\\
=FMT  \\$a  SE
=022  \\$a0976-5018$l0976-500X
=037  \\$aPHA$bSAGE
=040  \\$aUk$beng$cUk
=082  04$a615.1$221
=245  00$aJournal of pharmacology and pharmacotherapeutics.
=264  \1$aMumbai :$bMedknow Publications$c2010-
=336  \\$atext$2rdacontent
=337  \\$acomputer$2rdamedia
=338  \\$aonline resource$2rdacarrier
=540  \\$aCurrent copyright fee: zero$c19\0$5Uk
=776  0\$tJournal of pharmacology and pharmacotherapeutics (Print)$x0976-500X
=856  \\$31850-9999$uhttp://www.medknow.com/$xBLDSS
=859  \\$aELD$bejournal
=852  41$aBritish Library$bHMNTS$jELD Digital store$3Volume 4:Issue 2(2013)-
=945  \\$aJournal of pharmacology and pharmacotherapeutics.
=979  \\$aBritish Library$bDSC$j5033.005000N
=985  \\$a3rd party access title for Remote supply please retain as base record when merging/deleting
=CAT  \\$a5552$b40$c20150609$lBLL01$h1333
=CAT  \\$aBATCH-UPD$b40$c20170904$lBLL01$h1749
=CAT  \\$aIPL-CLA$c20170929$lBLL01$h1808
=CAT  \\$aBATCH-UPD$b00$c20180223$lBLL01$h1557
=CAT  \\$aIPL-CLA$c20180331$lBLL01$h1712
=CAT  \\$aBATCH-UPD$b00$c20180823$lBLL01$h1911
=CAT  \\$aIPL-CLA$c20180930$lBLL01$h1518
=CAT  \\$aBATCH-UPD$b00$c20190829$lBLL01$h1450
=CAT  \\$a5410$b40$c20190903$lBLL01$h1139
=CAT  \\$aIPL-CLA$c20190930$lBLL01$h1654
=CAT  \\$aBATCH-UPD$b00$c20200219$lBLL01$h1438
=CAT  \\$aIPL-CLA$c20200331$lBLL01$h1632
=CAT  \\$aBATCH-UPD$b00$c20200522$lBLL01$h1428
=CAT  \\$aIPL-CLA$c20200701$lBLL01$h0118
=CAT  \\$aBATCH-UPD$b00$c20210226$lBLL01$h1011
=CAT  \\$aIPL-CLA$c20210331$lBLL01$h1703
=CAT  \\$aBATCH-UPD$b00$c20210707$lBLL01$h1535
=CAT  \\$aIPL-CLA$c20210707$lBLL01$h1845
=CAT  \\$a5552$b40$c20211217$lBLL01$h1009
=CAT  \\$aIPL-CLA$c20211231$lBLL01$h1547
=CAT  \\$a14586$b40$c20220513$lBLL01$h1423
=CAT  \\$a8874$b40$c20220516$lBLL01$h0823
=CAT  \\$a10983$b40$c20220521$lBLL01$h1006
=CAT  \\$a5410$b40$c20220525$lBLL01$h1401
=CAT  \\$a5410$b40$c20220525$lBLL01$h1402
=CAT  \\$a5410$b40$c20220601$lBLL01$h1032
=CFI  0\$aCurrent copyright fee: zero$c19\0$e01-jan-2022$fGBP0.00$g0$hP$5Uk
=CFI  2\$aPrevious copyright fee: GBP14.29$c111\0$e07-jul-2021$fGBP14.29$g0$hP$5Uk
=FFP  \\$aY$bBLDSS-3PM
=MNI  \\$a0976-500X
=TOC  \\$aETOC
=UNO  \\$aY
=ACF  \\$aPrevious copyright fee: GBP12.90$c111\0$e08-jun-2015$fGBP12.90$g0$hP$5Uk
=ACF  \\$aPrevious copyright fee: GBP13.33$c111\0$e01-jul-2015$fGBP13.33$g0$hP$5Uk
=ACF  \\$aPrevious copyright fee: GBP12.90$c111\0$e01-oct-2015$fGBP12.90$g0$hP$5Uk
=ACF  \\$aPrevious copyright fee: GBP13.79$c111\0$e01-apr-2016$fGBP13.79$g0$hP$5Uk
=ACF  \\$aPrevious copyright fee: GBP14.81$c111\0$e01-oct-2016$fGBP14.81$g0$hP$5Uk
=ACF  \\$aPrevious copyright fee: GBP16.00$c111\0$e01-apr-2017$fGBP16.00$g0$hP$5Uk
=ACF  \\$aPrevious copyright fee: GBP15.38$c111\0$e01-oct-2017$fGBP15.38$g0$hP$5Uk
=ACF  \\$aPrevious copyright fee: GBP14.29$c111\0$e01-apr-2018$fGBP14.29$g0$hP$5Uk
=ACF  \\$aPrevious copyright fee: GBP15.38$c111\0$e01-oct-2018$fGBP15.38$g0$hP$5Uk
=ACF  \\$aPrevious copyright fee: GBP16.00$c111\0$e01-oct-2019$fGBP16.00$g0$hP$5Uk
=ACF  \\$aPrevious copyright fee: GBP15.38$c111\0$e01-apr-2020$fGBP15.38$g0$hP$5Uk
=ACF  \\$aPrevious copyright fee: GBP16.00$c111\0$e01-jul-2020$fGBP16.00$g0$hP$5Uk
=ACF  \\$aPrevious copyright fee: GBP14.81$c111\0$e01-apr-2021$fGBP14.81$g0$hP$5Uk
=LAS  \\$a5410$b40$c20220601$lBLL01$h1032

