=LDR  01665cas a22004817a 4500
=001  015411051
=003  Uk
=005  20230622170844.0
=006  m\\\\\\\\d\|\\\\\\
=007  cr||||||||||||
=008  091105c20069999enk\\\\\s\\\\\0\\\a0eng\\
=FMT  \\$a  SE
=022  \\$a1177-2727
=037  \\$aton$bSage (UK) Ltd
=040  \\$aUk$beng$cUk
=245  00$aTranslational oncogenomics$h[electronic resource]
=260  \\$aAuckland, N.Z. :$bLibertas Academica,$c2006-.
=264  \1$bSage (UK) Ltd
=336  \\$atext$2rdacontent
=337  \\$acomputer$2rdamedia
=500  \\$aRoute failed DSC EXTENDED searches to Records Team
=516  \\$aPDF format
=538  \\$aMode of access: Internet
=540  \\$aCurrent Copyright Fee: zero$c19\0$5Uk
=859  \\$aELD$bejournal
=856  \\$31850-9999$uhttp://www.uk.sagepub.com/home.nav$xBLDSS
=852  41$aBritish Library$bHMNTS$jELD Digital store$3Content not Received
=945  \\$aTranslational oncogenomics
=979  \\$aBritish Library$bDSC$j9024.919468N
=CAT  \\$a9729$b40$c20091105$lBLL01$h1639
=CAT  \\$a6790$b40$c20161107$lBLL01$h1211
=CAT  \\$a5552$b40$c20161221$lBLL01$h0940
=CAT  \\$aBATCH-UPD$b40$c20161227$lBLL01$h2103
=CAT  \\$aBLDSS-3PM$b00$c20170103$lBLL01$h1638
=CAT  \\$aBATCH-UPD$b00$c20170103$lBLL01$h1643
=CAT  \\$aW1711-1005$c20171205$lBLL01$h2211
=CAT  \\$a5552$b40$c20181008$lBLL01$h1224
=CAT  \\$aW2306-1299$c20230622$lBLL01$h1710
=CFI  0\$aCurrent Copyright Fee: zero$c19\0$e21-dec-2016$fGBP0.00$g0$hP$5Uk
=FFP  \\$aY$bBLDSS-3PM
=TCO  \\$aCLA$bCLA$c008
=UNO  \\$aY
=LAS  \\$aW2306-1299$b00$c20230622$lBLL01$h1710

