=LDR  01720cas a22004817a 4500
=001  015621135
=003  Uk
=005  20230622170853.0
=006  m\\\\\\\\d\|\\\\\\
=007  cr||||||||||||
=008  100805c20079999enk\\\\\s\\\\\0\\\a0eng\\
=FMT  \\$a  SE
=022  \\$a1177-6250$l1177-6250
=037  \\$agrs$bSage (UK) Ltd
=040  \\$aUk$beng$cUk
=245  00$aGene regulation and systems biology$h[electronic resource]
=260  \\$aAuckland, N.Z. :$bLibertas Academica,$c2007-.
=336  \\$atext$2rdacontent
=337  \\$acomputer$2rdamedia
=590  \\$aRoute ALL FAILED DSC requests to Records Team
=516  \\$aPDF format
=538  \\$aMode of access: Internet
=540  \\$aCurrent Copyright Fee: zero$c19\0$5Uk
=859  \\$aELD$bejournal
=856  \\$31850-9999$uhttp://www.uk.sagepub.com/home.nav$xBLDSS
=852  41$aBritish Library$bHMNTS$jELD Digital store$3Volume 11(2017)-Volume 13(2019)
=945  \\$aGene regulation and systems biology
=979  \\$aBritish Library$bDSC$j4096.402610N
=CAT  \\$a7154$b40$c20100805$lBLL01$h1620
=CAT  \\$a14448$b40$c20161101$lBLL01$h1224
=CAT  \\$a14586$b40$c20161109$lBLL01$h1601
=CAT  \\$a5552$b40$c20161220$lBLL01$h1417
=CAT  \\$aBATCH-UPD$b40$c20161221$lBLL01$h0140
=CAT  \\$aBLDSS-3PM$b00$c20170103$lBLL01$h1638
=CAT  \\$aBATCH-UPD$b00$c20170103$lBLL01$h1643
=CAT  \\$a8874$b40$c20170104$lBLL01$h0719
=CAT  \\$aW1711-1005$c20171206$lBLL01$h1822
=CAT  \\$aW2306-1299$c20230622$lBLL01$h1710
=CFI  0\$aCurrent Copyright Fee: zero$c19\0$e20-dec-2016$fGBP0.00$g0$hP$5Uk
=FFP  \\$aY$bBLDSS-3PM
=TCO  \\$aCLA$bCLA$c008
=UNO  \\$aY
=LAS  \\$aW2306-1299$b00$c20230622$lBLL01$h1710

