=LDR  01821cas a22005057a 4500
=001  015646577
=003  Uk
=005  20230622170854.0
=006  m\\\\\\\\d\|\\\\\\
=007  cr||||||||||||
=008  100909c20109999enk\\\\\s\\\\\0\\\a0eng\\
=FMT  \\$a  SE
=022  \\$a1179-559X$l1179-559X
=037  \\$athp$bSage (UK) Ltd
=040  \\$aUk$beng$cUk
=245  00$aClinical Medicine Insights. Therapeutics$h[electronic resource]
=260  \\$aAuckland, N.Z. :$bLibertas Academica,$c2010-.
=336  \\$atext$2rdacontent
=337  \\$acomputer$2rdamedia
=338  \\$aonline resource$2rdacarrier
=500  \\$aRoute ALL FAILED DSC requests to Records Team
=516  \\$aPDF format
=538  \\$aMode of access: Internet
=540  \\$aCurrent Copyright Fee: zero$c19\0$5Uk
=859  \\$aELD$bejournal
=856  \\$31850-9999$uhttp://www.uk.sagepub.com/home.nav$xBLDSS
=852  41$aBritish Library$bHMNTS$jELD Digital store$3Volume 9(2017)-Volume 11(2019)
=945  \\$aClinical Medicine Insights Therapeutics
=979  \\$aBritish Library$bDSC$j3286.305460N
=CAT  \\$a11450$b40$c20100909$lBLL01$h1604
=CAT  \\$a11450$b40$c20161107$lBLL01$h1038
=CAT  \\$a14586$b40$c20161109$lBLL01$h1552
=CAT  \\$a5552$b40$c20161220$lBLL01$h1155
=CAT  \\$a5552$b40$c20161220$lBLL01$h1214
=CAT  \\$a5552$b40$c20161220$lBLL01$h1238
=CAT  \\$aBATCH-UPD$b40$c20161221$lBLL01$h0140
=CAT  \\$aBLDSS-3PM$b00$c20170103$lBLL01$h1638
=CAT  \\$aBATCH-UPD$b00$c20170103$lBLL01$h1643
=CAT  \\$aW1711-1005$c20171206$lBLL01$h1822
=CAT  \\$aW2306-1299$c20230622$lBLL01$h1710
=CFI  0\$aCurrent Copyright Fee: zero$c19\0$e20-dec-2016$fGBP0.00$g0$hP$5Uk
=FFP  \\$aY$bBLDSS-3PM
=TCO  \\$aCLA$bCLA$c008
=UNO  \\$aY
=LAS  \\$aW2306-1299$b00$c20230622$lBLL01$h1710

