=LDR  04544cas a2201129 a 4500
=001  016003356
=003  Uk
=005  20230511163035.0
=006  m\\\\\\\\d\\\\\\\\
=007  cr\|||||||||||
=008  120416c20119999caubx\pos\\\\\0\\\a0eng\\
=FMT  \\$a  SE
=010  \\$a  2012200242
=015  \\$aGBB780053$2bnb
=022  0\$a2192-5690
=035  \\$a(WaSeSS)ssj0000627312
=035  \\$a(StGlU)b30056305
=037  \\$agsj$bSage (UK) Ltd
=038  \\$aOCoLC
=040  \\$aDLC$beng$cDLC$dDLC$dOCoLC$dTxCM$dWaSeSS$dUk
=042  \\$aukblsr
=050  14$aRD768$b.G58
=082  04$a616.73$223
=130  0\$aGlobal spine journal (Online)
=210  0\$aGlob. spine j.$b(Online)
=222  \0$aGlobal spine journal$b(Online)
=245  10$aGlobal spine journal$h[electronic resource].
=246  1\$aGlobal spine j
=246  13$aGSJ
=260  \\$3Vol. 1, no. 1-Vol. 2, no. 3:$aNew York, NY :$bThieme Medical Publishers,$cc2011-
=260  2\$3Vol. 2, no. 4- :$aStuttgart :$bGeorg Thieme Verlag KG
=264  31$32017-$a[Thousand Oaks] :$bSAGE
=310  \\$aEight times a year,$b2016-
=321  \\$aBimonthly,$b2015
=321  \\$aQuarterly,$b-2014
=336  \\$atext$2rdacontent
=337  \\$acomputer$2rdamedia
=338  \\$aonline resource$2rdacarrier
=362  1\$aBegan with: Vol. 1, no. 1 (2011).
=588  \\$aDescription based on: Vol. 1, no. 1 (2011); title from PDF article running title (thieme-connect.com website, viewed Apr. 16, 2012).
=588  \\$aLatest issue consulted: Volume 7, issue 2 supplement (May 2017) (SAGE website, viewed May 9, 2017).
=590  \\$aElectronic Format: Route ALL FAILED DSC requests to Records Team
=540  \\$aCurrent copyright fee: zero$c103\0$5Uk
=650  \0$aSpine$xDiseases$vPeriodicals.
=650  \0$aSpine$xDiseases$xTreatment$vPeriodicals.
=650  \0$aSpine$xAbnormalities$vPeriodicals.
=650  \0$aSpine$xSurgery$vPeriodicals.
=710  2\$aAOSpine International (Firm)
=710  2\$aNational Institutes of Health (U.S.).$bPubMed Central.
=776  08$iPrint version:$tGlobal spine journal$x2192-5682
=856  \\$31850-9999$uhttp://www.thieme.com/$xBLDSS
=859  \\$aELD$bejournal
=852  41$aBritish Library$bHMNTS$jELD Digital store$3Volume 3:Number 1(2013)-
=945  \\$aGlobal spine journal.
=979  \\$aBritish Library$bDSC$j4195.475306N
=CAT  \\$a5552$b40$c20120109$lBLL01$h1132
=CAT  \\$a5552$b40$c20131125$lBLL01$h1038
=CAT  \\$a5552$b40$c20131125$lBLL01$h1106
=CAT  \\$aIPL-CLA$c20140101$lBLL01$h0155
=CAT  \\$a6550$b40$c20140812$lBLL01$h1528
=CAT  \\$a6550$b40$c20140812$lBLL01$h1531
=CAT  \\$aBLDSS-3PM$b00$c20141208$lBLL01$h1628
=CAT  \\$a5552$b40$c20151104$lBLL01$h1159
=CAT  \\$aIPL-CLA$c20151231$lBLL01$h1934
=CAT  \\$a10983$b40$c20161201$lBLL01$h1353
=CAT  \\$a10983$b40$c20170307$lBLL01$h1024
=CAT  \\$a10983$b40$c20170307$lBLL01$h1155
=CAT  \\$a8124$b40$c20170509$lBLL01$h1123
=CAT  \\$aW1711-1005$c20171206$lBLL01$h1824
=CAT  \\$a5552$b40$c20180207$lBLL01$h0920
=CAT  \\$aBATCH-UPD$b40$c20180214$lBLL01$h0105
=CAT  \\$a5552$b40$c20180423$lBLL01$h1032
=CAT  \\$aBATCH-UPD$b40$c20181126$lBLL01$h1136
=CAT  \\$aIPL-CLA$c20181231$lBLL01$h1551
=CAT  \\$aBATCH-UPD$b00$c20190314$lBLL01$h1522
=CAT  \\$a5552$b40$c20190403$lBLL01$h0858
=CAT  \\$a5552$b40$c20190716$lBLL01$h1333
=CAT  \\$aBATCH-UPD$b40$c20190716$lBLL01$h2357
=CAT  \\$a5410$b40$c20221102$lBLL01$h1036
=CAT  \\$a5410$b40$c20221102$lBLL01$h1037
=CAT  \\$aBATCH-FIX$c20230511$lBLL01$h1630
=CFI  0\$aCurrent copyright fee: zero$c103\0$e16-jul-2019$fGBP0.00$g0$hP$5Uk
=CFI  2\$aPrevious copyright fee: zero$c49\0$e03-apr-2019$fGBP0.00$g0$hP$5Uk
=FFP  \\$aY$bBLDSS-3PM
=FIN  \\$aY$d20170509
=MNI  \\$a2192-5682
=SID  \\$aZ39$bRLUK
=TCO  \\$aDEU$bVG WORT$c008
=TOC  \\$aETOC
=UNO  \\$aY
=ACF  \\$aPrevious copyright fee: GBP26.00$c49\0$e01-jan-2019$fGBP26.00$g0$hP$5Uk
=ACF  \\$aPrevious copyright fee: GBP24.00$c49\0$e23-apr-2018$fGBP24.00$g0$hP$5Uk
=ACF  \\$aPrevious copyright fee: GBP18.18$c49\0$e09-jan-2012$fGBP18.18$g0$hP$5Uk
=ACF  \\$aPrevious copyright fee: zero$c103\0$e07-feb-2018$fGBP0.00$g0$hP$5Uk
=ACF  \\$aPrevious copyright fee: zero$c49\0$e01-jan-2016$fGBP0.00$g0$hP$5Uk
=ACF  \\$aPrevious Copyright Fee: GBP19.00$c49\0$e01-jan-2014$fGBP19.00$g0$hP$5Uk
=LAS  \\$aBATCH-FIX$b00$c20230511$lBLL01$h1630

