=LDR  02099cas a2200577za 4500
=001  016522964
=003  Uk
=005  20230114090217.0
=006  m\\\\||\\d\|\\\\\\
=007  cr\|||||||||||
=008  081219c20009999ne\tr\p\o\\\\\0\\\a0eng\\
=FMT  \\$a  SE
=022  0\$a2358-2820$y1517-7580
=037  \\$aISSN_15177580_75$bPortico$nEmerald
=040  \\$aUk$beng$cUk
=222  \0$aEconomiA$b(Brasilia. Online)
=245  00$aEconomia.$h[electronic resource]
=260  \\$a[Brazil] :$bANPEC
=260  3\$aAmsterdam :$bElsevier
=300  \\$av. :$bill. ;$c23 cm.
=310  \\$aThree times a year,$b2004-
=321  \\$aSemiannual,$b2003
=336  \\$atext$2rdacontent
=337  \\$acomputer$2rdamedia
=338  \\$aonline resource$2rdacarrier
=362  1\$aBegan with vol. 1, no. 1 (jan. 2000)
=590  \\$aRoute ALL FAILED DSC requests to Records Team
=540  \\$aCurrent copyright fee: zero$c5\1$5Uk
=651  \0$aBrazil$xEconomic conditions$vPeriodicals.
=650  \0$aEconomics$vPeriodicals.
=710  2\$aAssociacao Nacional dos Centros de Pos-Graduacao em Economia.
=776  0\$tEconomiA (Brasilia. Impresso)$x1517-7580
=859  \\$aELD$bejournal
=856  \\$31850-9999$uhttp://www.elsevier.com/journals$xBLDSS
=852  41$aBritish Library$bHMNTS$jELD Digital store$3Volume 23:Issue 1(2022)-
=945  \\$aEconomia -Brasilia-
=979  \\$aBritish Library$bDSC$j3650.118000N
=CAT  \\$a5552$b40$c20131017$lBLL01$h1329
=CAT  \\$a8409$b40$c20131122$lBLL01$h1113
=CAT  \\$a6537$b40$c20140820$lBLL01$h1408
=CAT  \\$aBLDSS-3PM$b00$c20141222$lBLL01$h1721
=CAT  \\$a8874$b40$c20150219$lBLL01$h1008
=CAT  \\$a5552$b40$c20160429$lBLL01$h1152
=CAT  \\$a15020$b40$c20230114$lBLL01$h0855
=CAT  \\$a15020$b40$c20230114$lBLL01$h0902
=CFI  0\$aCurrent copyright fee: zero$c5\1$e29-apr-2016$fGBP0.00$g0$hP$5Uk
=CFI  2\$aPrevious copyright fee: GBP22.50$c5\1$e17-oct-2013$fGBP22.50$g0$hP$5Uk
=FFP  \\$aY$bBLDSS-3PM
=MNI  \\$a1517-7580
=TOC  \\$aETOC
=LAS  \\$a15020$b40$c20230114$lBLL01$h0902

