=LDR  02133cas a22005778a 4500
=001  014695350
=003  Uk
=005  20170503144505.0
=006  m\\\\\\\\d\|\\\\\\
=007  cr||||||||||||
=008  080818c20109999enkqr\p\s\\\\\0\\\a0eng\\
=FMT  \\$a  SE
=022  0\$a1758-7972$202
=037  \\$aIJREM$bInderscience
=040  \\$aUk$beng$cUk
=222  \0$aInternational journal of remanufacturing$b(Online)
=245  00$aInternational journal of remanufacturing (Online)
=260  \\$aOlney :$bInderscience
=263  \\$a201001
=336  \\$atext$2rdacontent
=337  \\$acomputer$2rdamedia
=338  \\$aonline resource$2rdacarrier
=540  \\$aCurrent copyright fee: GBP28.00$c48\0$5Uk
=776  0\$tInternational journal of remanufacturing$c(Print)$x1758-7964
=856  \\$31850-9999$uhttp://www.inderscience.com/$xBLDSS
=859  \\$aELD$bejournal
=852  41$aBritish Library$bHMNTS$jELD Digital store$3Previous issues available in print copy
=945  \\$aInternational journal of remanufacturing.
=979  \\$aBritish Library$cDSC$j4542.527500N
=CAT  \\$a6537$b40$c20080818$lBLL01$h1034
=CAT  \\$aBATCH$b00$c20081124$lBLL01$h1136
=CAT  \\$a5552$b40$c20110314$lBLL01$h1141
=CAT  \\$aBATCH-UPD$b40$c20110518$lBLL01$h0953
=CAT  \\$aIPL-CLA$c20110630$lBLL01$h1549
=CAT  \\$aBLDSS-3PM$b00$c20141016$lBLL01$h1329
=CAT  \\$a11433$b40$c20141230$lBLL01$h1128
=CAT  \\$aBATCH-UPD$b40$c20160413$lBLL01$h1823
=CAT  \\$aBATCH-UPD$b40$c20160524$lBLL01$h2246
=CAT  \\$aBATCH-UPD$b40$c20160525$lBLL01$h0516
=CAT  \\$aW1610-0943$c20161017$lBLL01$h0904
=CAT  \\$a5552$b40$c20170503$lBLL01$h1445
=CAT  \\$aW1711-1005$c20171206$lBLL01$h1821
=CFI  0\$aCurrent copyright fee: GBP28.00$c48\0$e01-jul-2011$fGBP28.00$g0$hP$5Uk
=CFI  2\$aPrevious copyright fee: GBP20.00$c48\0$e14-mar-2011$fGBP20.00$g0$hP$5Uk
=FFP  \\$aY$bBLDSS-3PM
=LET  \0$aInternational journal of remanufacturing (Online)
=MNI  \\$a1758-7964
=TCO  \\$aCLA$bCLA$c008
=TOC  \\$aETOC
=UNO  \\$aY
=LAS  \\$aW1711-1005$b00$c20171206$lBLL01$h1821

