=LDR  01612 as a22004577a 4500
=001  014705058
=003  Uk
=005  20161221093818.0
=006  m\\\\\\\\d\|\\\\\\
=007  c\||||||||||||
=008  080829c20079999nz\ar\\\s\\\\\0\\\a0eng\\
=FMT  \\$a  SE
=022  \\$a1177-391X
=037  \\$apmd$bSage (UK) Ltd
=040  \\$aUk$beng$cUk
=245  00$aPerspectives in Medicinal Chemistry$h[electronic resource]
=260  \\$aNew Zealand :$bLibertas Academica Auckland N.Z,$c2007-.
=336  \\$atext$2rdacontent
=337  \\$acomputer$2rdamedia
=338  \\$aonline resource$2rdacarrier
=540  \\$aCurrent Copyright Fee: zero$c19\0$5Uk
=516  \\$aPDF format
=538  \\$aMode of access: Internet
=859  \\$aELD$bejournal
=856  \\$31850-9999$uhttp://www.uk.sagepub.com/home.nav$xBLDSS
=852  41$aBritish Library$bHMNTS$jELD Digital store$3Content not received
=945  \\$aPerspectives in Medicinal Chemistry- Electronic Edition-
=979  \\$aBritish Library$bDSC$j6428.144550N
=CAT  \\$a5137$b40$c20080829$lBLL01$h1158
=CAT  \\$aWR12_168$c20121206$lBLL01$h1818
=CAT  \\$a14586$b40$c20161104$lBLL01$h1205
=CAT  \\$a5552$b40$c20161221$lBLL01$h0938
=CAT  \\$aBATCH-UPD$b40$c20161227$lBLL01$h2103
=CAT  \\$aBLDSS-3PM$b00$c20170103$lBLL01$h1638
=CAT  \\$aBATCH-UPD$b00$c20170103$lBLL01$h1643
=CAT  \\$aW1711-1005$c20171206$lBLL01$h1821
=CFI  0\$aCurrent Copyright Fee: zero$c19\0$e21-dec-2016$fGBP0.00$g0$hP$5Uk
=FFP  \\$aY$bBLDSS-3PM
=TCO  \\$aNZL$bCLL$c008
=UNO  \\$aY
=LAS  \\$aW1711-1005$b00$c20171206$lBLL01$h1821

