=LDR  04156cas a2200925 a 4500
=001  014753593
=003  Uk
=005  20230831135018.0
=007  ta
=008  080916c19829999ii\qr\p\\\\\\\0\\\a0eng\\
=FMT  \\$a  SE
=022  \\$a0973-3698
=037  \\$a???$bSage (UK) Ltd
=040  \\$aUk$beng$cUk$dUk
=222  \0$aIndian Journal of Rheumatology
=245  00$aIndian journal of rheumatology.
=260  \\$aNew Delhi :$bIndian Rheumatology Association,$c1982-
=310  \\$aQuarterly
=336  \\$atext$2rdacontent
=337  \\$aunmediated$2rdamedia
=338  \\$avolume$2rdacarrier
=595  \\$aSee card index
=540  \\$aCurrent copyright fee: GBP12.50$c111\0$5Uk
=650  \0$aRheumatology$vPeriodicals.
=710  2\$aIndian Rheumatology Association.
=776  0\$tIndian journal of rheumatology (Online)$x0973-3701
=859  \\$aELD$bejournal
=856  \\$31850-9999$uhttp://www.elsevier.com/journals$xBLDSS
=852  41$aBritish Library$bHMNTS$jELD Digital store
=945  \\$aIndian journal of rheumatology
=979  \\$aBritish Library$bDSC$j4421.035000N
=CAT  \\$a8291$b40$c20080916$lBLL01$h1421
=CAT  \\$a5552$b40$c20160922$lBLL01$h0936
=CAT  \\$aIPL-CLA$c20160930$lBLL01$h1622
=CAT  \\$aBATCH-UPD$b00$c20170216$lBLL01$h1753
=CAT  \\$aIPL-CLA$c20170331$lBLL01$h1900
=CAT  \\$aBATCH-UPD$b00$c20170904$lBLL01$h1753
=CAT  \\$aIPL-CLA$c20170929$lBLL01$h1746
=CAT  \\$aBATCH-UPD$b00$c20180223$lBLL01$h1559
=CAT  \\$aIPL-CLA$c20180331$lBLL01$h1639
=CAT  \\$aBATCH-UPD$b00$c20180823$lBLL01$h1912
=CAT  \\$aIPL-CLA$c20180930$lBLL01$h1509
=CAT  \\$aBATCH-UPD$b00$c20190829$lBLL01$h1451
=CAT  \\$aIPL-CLA$c20190930$lBLL01$h1645
=CAT  \\$aBATCH-UPD$b00$c20200219$lBLL01$h1439
=CAT  \\$aIPL-CLA$c20200331$lBLL01$h1622
=CAT  \\$aBATCH-UPD$b00$c20200522$lBLL01$h1429
=CAT  \\$aIPL-CLA$c20200701$lBLL01$h0105
=CAT  \\$aBATCH-UPD$b00$c20210226$lBLL01$h1009
=CAT  \\$aIPL-CLA$c20210331$lBLL01$h1701
=CAT  \\$aBATCH-UPD$b00$c20210707$lBLL01$h1533
=CAT  \\$aIPL-CLA$c20210707$lBLL01$h1844
=CAT  \\$aBATCH-UPD$b00$c20220520$lBLL01$h1605
=CAT  \\$aIPL-CLA$c20220630$lBLL01$h1538
=CAT  \\$aBATCH-UPD$b00$c20220824$lBLL01$h0836
=CAT  \\$aIPL-CLA$c20220930$lBLL01$h1427
=CAT  \\$a11450$b40$c20230831$lBLL01$h1350
=CFI  0\$aCurrent copyright fee: GBP12.50$c111\0$e01-oct-2022$fGBP12.50$g0$hP$5Uk
=CFI  2\$aPrevious copyright fee: GBP12.00$c111\0$e01-jul-2022$fGBP12.00$g0$hP$5Uk
=FFP  \\$aY$bBLDSS-3PM
=TCO  \\$aXXX$c008
=TOC  \\$aETOC
=ACF  \\$aCurrent copyright fee: GBP9.00$c0$e01-apr-2010$fGBP9.00$g0$hA$5Uk
=ACF  \\$aPrevious copyright fee: GBP6.00$c0$e16-sep-2008$fGBP6.00$g0$hA$5Uk
=ACF  \\$aPrevious copyright fee: GBP20.00$c5\1$e19-may-2010$fGBP20.00$g0$hP$5Uk
=ACF  \\$aPrevious copyright fee: GBP21.00$c5\1$e01-jan-2012$fGBP21.00$g0$hP$5Uk
=ACF  \\$aPrevious copyright fee: GBP10.34$c111\0$e01-jul-2016$fGBP10.34$g0$hP$5Uk
=ACF  \\$aPrevious copyright fee: GBP22.50$c5\1$e01-jan-2013$fGBP22.50$g0$hP$5Uk
=ACF  \\$aPrevious Copyright Fee: GBP22.50$c5\1$e22-sep-2016$fGBP22.50$g0$hP$5Uk
=ACF  \\$aPrevious copyright fee: GBP11.11$c111\0$e01-oct-2016$fGBP11.11$g0$hP$5Uk
=ACF  \\$aPrevious copyright fee: GBP12.00$c111\0$e01-apr-2017$fGBP12.00$g0$hP$5Uk
=ACF  \\$aPrevious copyright fee: GBP11.54$c111\0$e01-oct-2017$fGBP11.54$g0$hP$5Uk
=ACF  \\$aPrevious copyright fee: GBP10.71$c111\0$e01-apr-2018$fGBP10.71$g0$hP$5Uk
=ACF  \\$aPrevious copyright fee: GBP11.54$c111\0$e01-oct-2018$fGBP11.54$g0$hP$5Uk
=ACF  \\$aPrevious copyright fee: GBP12.00$c111\0$e01-oct-2019$fGBP12.00$g0$hP$5Uk
=ACF  \\$aPrevious copyright fee: GBP11.54$c111\0$e01-apr-2020$fGBP11.54$g0$hP$5Uk
=ACF  \\$aPrevious copyright fee: GBP12.00$c111\0$e01-jul-2020$fGBP12.00$g0$hP$5Uk
=ACF  \\$aPrevious copyright fee: GBP11.11$c111\0$e01-apr-2021$fGBP11.11$g0$hP$5Uk
=ACF  \\$aPrevious copyright fee: GBP10.71$c111\0$e07-jul-2021$fGBP10.71$g0$hP$5Uk
=LAS  \\$a11450$b40$c20230831$lBLL01$h1350

