=LDR  01793cas a22005057i 4500
=001  020705399
=003  Uk
=005  20230502120419.0
=006  m\\\\\\\\d\|\\\\\\
=007  cr\|||||||||||
=008  191112c\\\\9999\\\\\\\\o\\\\\0\\\a0eng\\
=FMT  \\$a  SE
=022  \\$a2641-7650
=037  \\$aISSN_26417650_74$bPortico$nLippincott Williams & Wilkins
=040  \\$aUk$beng$cUk$erda
=082  04$a616.61$223
=245  00$aKidney360
=264  \1$aWashington, D.C. :$bAmerican Society of Nephrology,$c[2020-2022]
=336  \\$atext$2rdacontent
=337  \\$acomputer$2rdamedia
=338  \\$aonline resource$2rdacarrier
=540  \\$aCurrent copyright fee: GBP39.00$c20\0$5Uk
=856  \\$31850-9999$uhttps://www.asn-online.org/$xBLDSS
=859  \\$aELD$bejournal
=852  41$aBritish Library$bHMNTS$jELD Digital store$3Volume 2:Issue 10(2021)-
=945  \\$aKidney360
=979  \\$aBritish Library$cDSC$j5094.207300N
=CAT  \\$a12654$b40$c20220804$lBLL01$h1048
=CAT  \\$a12654$b40$c20220804$lBLL01$h1049
=CAT  \\$a8055$b40$c20220805$lBLL01$h1048
=CAT  \\$aBATCH-UNOA$c20220809$lBLL01$h2338
=CAT  \\$aBLDSS-3PM$b00$c20220811$lBLL01$h0814
=CAT  \\$aBATCH-UPD$b00$c20220811$lBLL01$h0816
=CAT  \\$a5410$b40$c20220817$lBLL01$h0752
=CAT  \\$a8055$b40$c20221122$lBLL01$h1505
=CAT  \\$aIPL-CLA$c20221231$lBLL01$h1455
=CAT  \\$a14586$b40$c20230502$lBLL01$h1141
=CAT  \\$a14586$b40$c20230502$lBLL01$h1203
=CAT  \\$a14586$b40$c20230502$lBLL01$h1204
=CFI  0\$aCurrent copyright fee: GBP39.00$c20\0$e01-jan-2023$fGBP39.00$g0$hP$5Uk
=CFI  2\$aPrevious copyright fee: zero$c107\0$e04-aug-2022$fGBP0.00$g0$hP$5Uk
=FFP  \\$aY$bBLDSS-3PM
=TOC  \\$aETOC
=UNO  \\$aY
=LAS  \\$a14586$b40$c20230502$lBLL01$h1204

