=LDR  01549cas a22004455i 4500
=001  020714326
=003  Uk
=005  20230705013534.0
=006  m\\\\\|\\d\|\\\\\\
=007  cr\|||||||||||
=008  220816c\\\\9999\\\\\\p\o\\\\\0\\\a0eng\\
=FMT  \\$a  SE
=022  \\$a0976-4062
=037  \\$aPHM$bSage (UK) Ltd
=245  00$aPharmacognosy magazine.
=264  \1$bSage (UK) Ltd.
=336  \\$atext$2rdacontent
=337  \\$acomputer$2rdamedia
=338  \\$aonline resource$2rdacarrier
=540  \\$aCurrent copyright fee: zero$c19\0$5Uk
=859  \\$aELD$bejournal
=856  \\$31850-9999$uhttp://www.uk.sagepub.com/home.nav$xBLDSS
=852  41$aBritish Library$bHMNTS$jELD Digital store$3Volume 19:Issue 1(2023)-
=945  \\$aPharmacognosy magazine
=979  \\$aBritish Library$bDSC$j6446.249700
=985  \\$aELD accessioning record awaiting upgrade
=CAT  \\$a10902$b40$c20220816$lBLL01$h1306
=CAT  \\$a14586$b40$c20230504$lBLL01$h1211
=CAT  \\$a8055$b40$c20230516$lBLL01$h1338
=CAT  \\$aBATCH-CLA$b00$c20230622$lBLL01$h1236
=CAT  \\$a12654$b40$c20230628$lBLL01$h1140
=CAT  \\$aBLDSS-3PM$b00$c20230704$lBLL01$h1019
=CAT  \\$aBATCH-UPD$b00$c20230704$lBLL01$h1021
=CAT  \\$aBATCH-UNOA$c20230705$lBLL01$h0135
=CFI  0\$aCurrent copyright fee: zero$c19\0$e28-jun-2023$fGBP0.00$hP$g0$5Uk
=CFI  2\$aPrevious copyright fee: GBP25.00$c0$e16-may-2023$fGBP25.00$g0$hA$5Uk
=FFP  \\$aY$bBLDSS-3PM
=MNI  \\$a0973-1296
=UNO  \\$aY
=LAS  \\$aBATCH-UNOA$b00$c20230705$lBLL01$h0135

