=LDR  01598cas a22004695i 4500
=001  020821187
=003  Uk
=005  20230501205359.0
=006  m\\\\\|\\d\|\\\\\\
=007  cr\|||||||||||
=008  221126c\\\\9999\\\\\\p\o\\\\\0\\\a0eng\\
=FMT  \\$a  SE
=022  \\$a2536-0051$l1985-9899
=037  \\$aISSN_19859899_75$bPortico$nEmerald
=082  04$a500$223
=245  00$aArab Gulf Journal of Scientific Research
=264  \1$bEmerald
=336  \\$atext$2rdacontent
=337  \\$acomputer$2rdamedia
=338  \\$aonline resource$2rdacarrier
=540  \\$aCurrent copyright fee: zero$c25\0$5Uk
=859  \\$aELD$bejournal
=856  \\$31850-9999$uhttp://www.emeraldinsight.com/$xBLDSS
=852  41$aBritish Library$bHMNTS$jELD Digital store$3Volume 40:Issue 1(2022)-
=945  \\$aArab Gulf Journal of Scientific Research
=979  \\$aBritish Library$bDSC$j1583.226750N
=985  \\$aELD accessioning record awaiting upgrade
=CAT  \\$a15020$b40$c20221126$lBLL01$h0755
=CAT  \\$a15020$b40$c20221126$lBLL01$h0758
=CAT  \\$a12654$b40$c20230224$lBLL01$h1228
=CAT  \\$aBLDSS-3PM$b00$c20230228$lBLL01$h1032
=CAT  \\$aBATCH-UPD$b00$c20230228$lBLL01$h1035
=CAT  \\$aBATCH-UNOA$c20230301$lBLL01$h0214
=CAT  \\$a5410$b40$c20230415$lBLL01$h1004
=CAT  \\$a5410$b40$c20230415$lBLL01$h1007
=CAT  \\$a5410$b40$c20230501$lBLL01$h2053
=CFI  0\$aCurrent copyright fee: zero$c25\0$e24-feb-2023$fGBP0.00$g0$hP$5Uk
=FFP  \\$aY$bBLDSS-3PM
=MNI  \\$a1985-9899
=TOC  \\$aETOC
=UNO  \\$aY
=LAS  \\$a5410$b40$c20230501$lBLL01$h2053

