=LDR  01620cas a22004815i 4500
=001  020865426
=003  Uk
=005  20230426105347.0
=006  m\\\\\|\\d\|\\\\\\
=007  cr\|||||||||||
=008  230114c\\\\9999\\\\\\p\o\\\\\0\\\a0eng\\
=FMT  \\$a  SE
=022  \\$a2831-3232
=037  \\$aISSN_28313232_2$bPortico$nWiley
=082  04$a330$223
=245  00$aInternational Studies of Economics
=264  \1$bWiley
=336  \\$atext$2rdacontent
=337  \\$acomputer$2rdamedia
=338  \\$aonline resource$2rdacarrier
=540  \\$aCurrent copyright fee: zero$c35\0$5Uk
=859  \\$aELD$bejournal
=856  \\$31850-9999$uhttp://onlinelibrary.wiley.com/$xBLDSS
=852  41$aBritish Library$bHMNTS$jELD Digital store$3Volume 17:Issue 1(2022)-
=945  \\$aInternational Studies of Economics
=979  \\$aBritish Library$bDSC$j4549.770200N
=985  \\$aELD accessioning record awaiting upgrade
=CAT  \\$a15020$b40$c20230114$lBLL01$h0942
=CAT  \\$a15020$b40$c20230114$lBLL01$h0943
=CAT  \\$a15020$b40$c20230114$lBLL01$h0951
=CAT  \\$a12654$b40$c20230308$lBLL01$h1148
=CAT  \\$aBLDSS-3PM$b00$c20230314$lBLL01$h0935
=CAT  \\$aBATCH-UPD$b00$c20230314$lBLL01$h0943
=CAT  \\$aBATCH-UNOA$c20230315$lBLL01$h0329
=CAT  \\$a5410$b40$c20230417$lBLL01$h1059
=CAT  \\$a5410$b40$c20230417$lBLL01$h1101
=CAT  \\$a5410$b40$c20230426$lBLL01$h1053
=CFI  0\$aCurrent copyright fee: zero$c35\0$e08-mar-2023$fGBP0.00$g0$hP$5Uk
=FFP  \\$aY$bBLDSS-3PM
=MNI  \\$a2831-3224
=TOC  \\$aETOC
=UNO  \\$aY
=LAS  \\$a5410$b40$c20230426$lBLL01$h1053

