=LDR  01552cas a22004575i 4500
=001  020879584
=003  Uk
=005  20230804135043.0
=006  m\\\\\|\\d\|\\\\\\
=007  cr\|||||||||||
=008  230120c\\\\9999\\\\\\p\o\\\\\0\\\a0eng\\
=FMT  \\$a  SE
=022  \\$a2658-2430
=037  \\$aISSN_26582430_75$bPortico$nEmerald
=245  00$aCentral european management journal
=264  \1$bEmerald
=336  \\$atext$2rdacontent
=337  \\$acomputer$2rdamedia
=338  \\$aonline resource$2rdacarrier
=540  \\$aCurrent copyright fee: zero$c25\0$5Uk
=859  \\$aELD$bejournal
=856  \\$31850-9999$uhttp://www.emeraldinsight.com/$xBLDSS
=852  41$aBritish Library$bHMNTS$jELD Digital store$3Volume 31:Issue 1(2023)-
=945  \\$aCentral European Management Journal
=979  \\$aBritish Library$bDSC$j3106.138095N
=985  \\$aELD accessioning record awaiting upgrade
=CAT  \\$a9667$b40$c20230120$lBLL01$h1215
=CAT  \\$a9667$b40$c20230120$lBLL01$h1224
=CAT  \\$a14586$b40$c20230511$lBLL01$h1656
=CAT  \\$a12654$b40$c20230718$lBLL01$h1232
=CAT  \\$aBATCH-UNOA$c20230719$lBLL01$h0127
=CAT  \\$aBLDSS-3PM$b00$c20230724$lBLL01$h1251
=CAT  \\$aBATCH-UPD$b00$c20230724$lBLL01$h1252
=CAT  \\$a8055$b40$c20230802$lBLL01$h1535
=CAT  \\$a5410$b40$c20230804$lBLL01$h1350
=CFI  0\$aCurrent copyright fee: zero$c25\0$e18-jul-2023$fGBP0.00$g0$hP$5Uk
=FFP  \\$aY$bBLDSS-3PM
=MNI  \\$a2658-0845
=TOC  \\$aETOC
=UNO  \\$aY
=LAS  \\$a5410$b40$c20230804$lBLL01$h1350

