=LDR  01264cas a22003735i 4500
=001  020937512
=003  Uk
=005  20230502094733.0
=006  m\\\\\|\\d\|\\\\\\
=007  cr\|||||||||||
=008  230131c\\\\9999\\\\\\p\o\\\\\0\\\a0eng\\
=FMT  \\$a  SE
=022  \\$a2949-7914
=037  \\$aISSN_29497914_8$bPortico$nElsevier
=245  00$aJournal of economic criminology
=264  \1$bElsevier
=336  \\$atext$2rdacontent
=337  \\$acomputer$2rdamedia
=338  \\$aonline resource$2rdacarrier
=540  \\$aCurrent copyright fee: zero$c5\1$5Uk
=859  \\$aELD$bejournal
=856  \\$31850-9999$uhttp://www.sciencedirect.com/$xBLDSS
=852  41$aBritish Library$bHMNTS$jELD Digital store
=979  \\$aBritish Library$bDSC$j4972.890000N
=985  \\$aELD accessioning record awaiting upgrade
=CAT  \\$a14412$b40$c20230131$lBLL01$h1300
=CAT  \\$a14412$b40$c20230131$lBLL01$h1301
=CAT  \\$a14586$b40$c20230421$lBLL01$h1337
=CAT  \\$a12654$b40$c20230426$lBLL01$h0822
=CAT  \\$aBLDSS-3PM$b00$c20230502$lBLL01$h0947
=CAT  \\$aBATCH-UPD$b00$c20230502$lBLL01$h0951
=CFI  0\$aCurrent copyright fee: zero$c5\1$e26-apr-2023$fGBP0.00$g0$hP$5Uk
=FFP  \\$aY$bBLDSS-3PM
=LAS  \\$aBATCH-UPD$b00$c20230502$lBLL01$h0951

