=LDR  01897cas a22005295i 4500
=001  020945818
=003  Uk
=005  20230823083503.0
=006  m\\\\\|\\d\|\\\\\\
=007  cr\|||||||||||
=008  230202c\\\\9999\\\\\\p\o\\\\\0\\\a0eng\\
=FMT  \\$a  SE
=022  \\$a2690-6104
=037  \\$aISSN_26906090_75$bPortico$nEmerald
=082  04$a658.5$223
=245  00$aInternational Journal of Industrial Engineering and Operations Management
=264  \1$bEmerald
=336  \\$atext$2rdacontent
=337  \\$acomputer$2rdamedia
=338  \\$aonline resource$2rdacarrier
=540  \\$aCurrent copyright fee: zero$c25\0$5Uk
=859  \\$aELD$bejournal
=856  \\$31850-9999$uhttp://www.emeraldinsight.com/$xBLDSS
=852  41$aBritish Library$bHMNTS$jELD Digital store$3Volume 4:Issue 1/2(2022)-
=945  \\$aInternational Journal of Industrial Engineering and Operations Management
=979  \\$aBritish Library$bDSC$j4242.302990N
=985  \\$aELD accessioning record awaiting upgrade
=CAT  \\$a15190$b40$c20230202$lBLL01$h0952
=CAT  \\$a14586$b40$c20230421$lBLL01$h1343
=CAT  \\$a10983$b40$c20230627$lBLL01$h1327
=CAT  \\$a12654$b40$c20230718$lBLL01$h0950
=CAT  \\$aBATCH-UNOA$c20230719$lBLL01$h0127
=CAT  \\$aBLDSS-3PM$b00$c20230724$lBLL01$h1251
=CAT  \\$aBATCH-UPD$b00$c20230724$lBLL01$h1252
=CAT  \\$a5410$b40$c20230725$lBLL01$h1156
=CAT  \\$a5410$b40$c20230727$lBLL01$h1232
=CAT  \\$a5410$b40$c20230802$lBLL01$h0941
=CAT  \\$a5410$b40$c20230814$lBLL01$h0918
=CAT  \\$a5410$b40$c20230817$lBLL01$h1121
=CAT  \\$a5410$b40$c20230823$lBLL01$h0834
=CAT  \\$a5410$b40$c20230823$lBLL01$h0835
=CFI  0\$aCurrent copyright fee: zero$c25\0$e18-jul-2023$fGBP0.00$g0$hP$5Uk
=FFP  \\$aY$bBLDSS-3PM
=MNI  \\$a2690-6090
=TOC  \\$aETOC
=UNO  \\$aY
=LAS  \\$a5410$b40$c20230823$lBLL01$h0835

