=LDR  02021cas a22005655i 4500
=001  020968783
=003  Uk
=005  20230621092814.0
=006  m\\\\\|\\d\|\\\\\\
=007  cr\|||||||||||
=008  230222c\\\\9999\\\\\\p\o\\\\\0\\\a0eng\\
=FMT  \\$a  SE
=022  \\$a2832-157X
=037  \\$aISSN_2832157X_2$bPortico$nWiley
=082  04$a330.9$223
=222  \0$aAsia-Pacific economic history review
=245  00$aAsia-Pacific economic history review.
=264  \1$a[Milton] :$bJohn Wiley & Sons Australia, Ltd
=336  \\$atext$2rdacontent
=337  \\$acomputer$2rdamedia
=338  \\$aonline resource$2rdacarrier
=540  \\$aCurrent copyright fee: zero$c35\0$5Uk
=595  \\$aFormerly 1798.650000
=859  \\$aELD$bejournal
=856  \\$31850-9999$uhttp://onlinelibrary.wiley.com/$xBLDSS
=852  41$aBritish Library$bHMNTS$jELD Digital store$3Volume 63:Issue 1(2023)-
=945  \\$aAsia pacific economic history review
=979  \\$aBritish Library$bDSC$j1742.260313N
=985  \\$aELD accessioning record awaiting upgrade
=CAT  \\$a11450$b40$c20230222$lBLL01$h0930
=CAT  \\$a11450$b40$c20230222$lBLL01$h0931
=CAT  \\$a11450$b40$c20230222$lBLL01$h0932
=CAT  \\$a14586$b40$c20230511$lBLL01$h1657
=CAT  \\$a12654$b40$c20230516$lBLL01$h1424
=CAT  \\$a12654$b40$c20230516$lBLL01$h1428
=CAT  \\$aBATCH-UNOA$c20230517$lBLL01$h0021
=CAT  \\$aBLDSS-3PM$b00$c20230523$lBLL01$h0915
=CAT  \\$aBATCH-UPD$b00$c20230523$lBLL01$h0931
=CAT  \\$a5410$b40$c20230606$lBLL01$h1013
=CAT  \\$a8055$b40$c20230606$lBLL01$h1420
=CAT  \\$a8055$b40$c20230606$lBLL01$h1425
=CAT  \\$a8055$b40$c20230606$lBLL01$h1432
=CAT  \\$a10806$b40$c20230607$lBLL01$h1200
=CAT  \\$a5410$b40$c20230616$lBLL01$h1155
=CAT  \\$a5410$b40$c20230621$lBLL01$h0928
=CFI  0\$aCurrent copyright fee: zero$c35\0$e16-may-2023$fGBP0.00$g0$hP$5Uk
=FFP  \\$aY$bBLDSS-3PM
=TOC  \\$aETOC
=UNO  \\$aY
=LAS  \\$a5410$b40$c20230621$lBLL01$h0928

