=LDR  01445cas a22004335i 4500
=001  020971574
=003  Uk
=005  20230919090955.0
=006  m\\\\\|\\d\|\\\\\\
=007  cr\|||||||||||
=008  230228c\\\\9999\\\\\\p\o\\\\\0\\\a0eng\\
=FMT  \\$a  SE
=022  \\$a2832-580X
=037  \\$aISSN_2832580X_2$bPortico$nWiley
=245  00$aSociology lens
=264  \1$bWiley
=336  \\$atext$2rdacontent
=337  \\$acomputer$2rdamedia
=338  \\$aonline resource$2rdacarrier
=540  \\$aCurrent copyright fee: zero$c35\0$5Uk
=859  \\$aELD$bejournal
=856  \\$31850-9999$uhttp://onlinelibrary.wiley.com/$xBLDSS
=852  41$aBritish Library$bHMNTS$jELD Digital store$3Volume 36:Issue 1(2023)-
=945  \\$aSociology lens
=979  \\$aBritish Library$bDSC$j8319.694500N
=985  \\$aELD accessioning record awaiting upgrade
=CAT  \\$a14412$b40$c20230228$lBLL01$h1354
=CAT  \\$a14412$b40$c20230228$lBLL01$h1355
=CAT  \\$a14412$b40$c20230228$lBLL01$h1402
=CAT  \\$a14586$b40$c20230620$lBLL01$h1342
=CAT  \\$a12654$b40$c20230911$lBLL01$h1128
=CAT  \\$aBATCH-UNOA$c20230913$lBLL01$h0242
=CAT  \\$aBLDSS-3PM$b00$c20230919$lBLL01$h0909
=CAT  \\$aBATCH-UPD$b00$c20230919$lBLL01$h1553
=CFI  0\$aCurrent copyright fee: zero$c35\0$e24-nov-2022$fGBP0.00$g0$hP$5Uk
=FFP  \\$aY$bBLDSS-3PM
=MNI  \\$a2832-5796
=UNO  \\$aY
=LAS  \\$aBATCH-UPD$b00$c20230919$lBLL01$h1553

