=LDR  01434cas a22004215i 4500
=001  021004549
=003  Uk
=005  20230705013534.0
=006  m\\\\\|\\d\|\\\\\\
=007  cr\|||||||||||
=008  230327c\\\\9999\\\\\\p\o\\\\\0\\\a0eng\\
=FMT  \\$a  SE
=022  \\$a2202-7270
=037  \\$a???$bSage (UK) Ltd
=245  00$aAustralasian Journal of Paramedicine
=264  \1$bSage
=336  \\$atext$2rdacontent
=337  \\$acomputer$2rdamedia
=338  \\$aonline resource$2rdacarrier
=540  \\$aCurrent copyright fee: zero$c19\0$5Uk
=595  \\$aContinues as 6404.836600N
=859  \\$aELD$bejournal
=856  \\$31850-9999$uhttp://www.uk.sagepub.com/home.nav$xBLDSS
=852  41$aBritish Library$bHMNTS$jELD Digital store$3Volume 10(2013)-
=979  \\$aBritish Library$bDSC$j1810.822000N
=985  \\$aELD accessioning record awaiting upgrade
=CAT  \\$a10983$b40$c20230327$lBLL01$h1652
=CAT  \\$a12654$b40$c20230628$lBLL01$h1201
=CAT  \\$a12654$b40$c20230628$lBLL01$h1202
=CAT  \\$a12654$b40$c20230628$lBLL01$h1211
=CAT  \\$a12654$b40$c20230628$lBLL01$h1216
=CAT  \\$aBLDSS-3PM$b00$c20230704$lBLL01$h1019
=CAT  \\$aBATCH-UPD$b00$c20230704$lBLL01$h1022
=CAT  \\$aBATCH-UNOA$c20230705$lBLL01$h0135
=CFI  0\$aCurrent copyright fee: zero$c19\0$e28-jun-2023$fGBP0.00$g0$hP$5Uk
=FFP  \\$aY$bBLDSS-3PM
=UNO  \\$aY
=LAS  \\$aBATCH-UNOA$b00$c20230705$lBLL01$h0135

