=LDR  01547cas a22004215i 4500
=001  021034702
=003  Uk
=005  20230830125149.0
=006  m\\\\\|\\d\|\\\\\\
=007  cr\|||||||||||
=008  230426c\\\\9999\\\\\\p\o\\\\\0\\\a0eng\\
=FMT  \\$a  SE
=022  \\$a1555-905X
=037  \\$aISSN_15559041_74$bPortico$nLippincott Williams & Wilkins
=245  00$aClinical journal of the American Society of Nephrology.
=264  \1$bLippincott Williams & Wilkins.
=336  \\$atext$2rdacontent
=337  \\$acomputer$2rdamedia
=338  \\$aonline resource$2rdacarrier
=540  \\$aCurrent copyright fee: GBP39.00$c20\0$5Uk
=859  \\$aELD$bejournal
=856  \\$31850-9999$uhttp://journals.lww.com/pages/default.aspx$xBLDSS
=852  41$aBritish Library$bHMNTS$jELD Digital store$3Volume 16:Issue 10(2021)-
=945  \\$aClinical journal of the American Society of Nephrology
=979  \\$aBritish Library$bDSC$j3286.294020
=985  \\$aELD accessioning record awaiting upgrade
=CAT  \\$a10902$b40$c20230426$lBLL01$h1257
=CAT  \\$a14586$b40$c20230502$lBLL01$h1136
=CAT  \\$a12654$b40$c20230822$lBLL01$h1506
=CAT  \\$aBATCH-UNOA$c20230823$lBLL01$h0109
=CAT  \\$a12654$b40$c20230829$lBLL01$h0815
=CAT  \\$aBLDSS-3PM$b00$c20230830$lBLL01$h1251
=CAT  \\$aBATCH-UPD$b00$c20230830$lBLL01$h1253
=CFI  0\$aCurrent copyright fee: GBP39.00$c20\0$e22-aug-2023$fGBP39.00$g0$hP$5Uk
=FFP  \\$aY$bBLDSS-3PM
=MNI  \\$a1555-9041
=UNO  \\$aY
=LAS  \\$aBATCH-UPD$b00$c20230830$lBLL01$h1253

