=LDR  01368cas a22003855i 4500
=001  021044523
=003  Uk
=005  20230712001058.0
=006  m\\\\\|\\d\|\\\\\\
=007  cr\|||||||||||
=008  230503c\\\\9999\\\\\\p\o\\\\\0\\\a0eng\\
=FMT  \\$a  SE
=022  \\$a1533-3450
=037  \\$aISSN_10466673_74$bPortico$nLippincott Williams & Wilkins
=245  00$aJournal of the American Society of Nephrology
=264  \1$bLippincott Williams & Wilkins
=336  \\$atext$2rdacontent
=337  \\$acomputer$2rdamedia
=338  \\$aonline resource$2rdacarrier
=540  \\$aCurrent copyright fee: GBP32.00$c20\0$5Uk
=859  \\$aELD$bejournal
=856  \\$31850-9999$uhttp://journals.lww.com/pages/default.aspx$xBLDSS
=852  41$aBritish Library$bHMNTS$jELD Digital store$3Volume 32:Issue 10(2021)-
=979  \\$aBritish Library$bDSC$j4693.005000
=985  \\$aELD accessioning record awaiting upgrade
=CAT  \\$a15190$b40$c20230503$lBLL01$h1520
=CAT  \\$a12654$b40$c20230706$lBLL01$h1454
=CAT  \\$aBLDSS-3PM$b00$c20230710$lBLL01$h1200
=CAT  \\$aBATCH-UPD$b00$c20230710$lBLL01$h1202
=CAT  \\$aBATCH-UNOA$c20230712$lBLL01$h0010
=CFI  0\$aCurrent copyright fee: GBP32.00$c20\0$e07-jul-2023$fGBP32.00$g0$hP$5Uk
=FFP  \\$aY$bBLDSS-3PM
=MNI  \\$a1046-6673
=UNO  \\$aY
=LAS  \\$aBATCH-UNOA$b00$c20230712$lBLL01$h0010

