=LDR  01385cas a22004215i 4500
=001  021208172
=003  Uk
=005  20231017163425.0
=006  m\\\\\|\\d\|\\\\\\
=007  cr\|||||||||||
=008  230913c\\\\9999\\\\\\p\o\\\\\0\\\a0eng\\
=FMT  \\$a  SE
=022  \\$a2834-4448
=037  \\$aISSN_28344448_2$bPortico$nWiley
=245  00$aiLABMED
=264  \1$bWiley
=336  \\$atext$2rdacontent
=337  \\$acomputer$2rdamedia
=338  \\$aonline resource$2rdacarrier
=540  \\$aCurrent copyright fee: zero$c35\0$5Uk
=859  \\$aELD$bejournal
=856  \\$31850-9999$uhttp://onlinelibrary.wiley.com/$xBLDSS
=852  41$aBritish Library$bHMNTS$jELD Digital store$3Volume 1:Issue 1(2023)-
=945  \\$aiLABMED -Hoboken-
=979  \\$aBritish Library$bDSC$j4363.990600N
=985  \\$aELD accessioning record awaiting upgrade
=CAT  \\$a15190$b40$c20230913$lBLL01$h1004
=CAT  \\$a12654$b40$c20231004$lBLL01$h1155
=CAT  \\$a12654$b40$c20231004$lBLL01$h1156
=CAT  \\$aBLDSS-3PM$b00$c20231010$lBLL01$h1521
=CAT  \\$aBATCH-UPD$b00$c20231010$lBLL01$h1522
=CAT  \\$aBATCH-UNOA$c20231011$lBLL01$h0054
=CAT  \\$a8055$b40$c20231017$lBLL01$h1634
=CFI  0\$aCurrent copyright fee: zero$c35\0$e24-nov-2022$fGBP0.00$g0$hP$5Uk
=FFP  \\$aY$bBLDSS-3PM
=MNI  \\$a2834-443X
=UNO  \\$aY
=LAS  \\$a8055$b40$c20231017$lBLL01$h1634

