=LDR  01356cas a22004095i 4500
=001  021208173
=003  Uk
=005  20231017161603.0
=006  m\\\\\|\\d\|\\\\\\
=007  cr\|||||||||||
=008  230913c\\\\9999\\\\\\p\o\\\\\0\\\a0eng\\
=FMT  \\$a  SE
=022  \\$a2835-5598
=037  \\$aISSN_2835558X_2$nWiley$bPortico
=245  00$aPediatric Discovery
=264  \1$bWiley$c2023
=336  \\$atext$2rdacontent
=337  \\$acomputer$2rdamedia
=338  \\$aonline resource$2rdacarrier
=540  \\$aCurrent copyright fee: zero$c35\0$5Uk
=859  \\$aELD$bejournal
=856  \\$31850-9999$uhttp://onlinelibrary.wiley.com/$xBLDSS
=852  41$aBritish Library$bHMNTS$jELD Digital store$3Volume 1:Issue 1(2023)-
=945  \\$aPediatric Discovery
=979  \\$aBritish Library$bDSC$j6417.585000N
=985  \\$aELD accessioning record awaiting upgrade
=CAT  \\$a15190$b40$c20230913$lBLL01$h1016
=CAT  \\$a12654$b40$c20231004$lBLL01$h0926
=CAT  \\$aBLDSS-3PM$b00$c20231010$lBLL01$h1521
=CAT  \\$aBATCH-UPD$b00$c20231010$lBLL01$h1522
=CAT  \\$aBATCH-UNOA$c20231011$lBLL01$h0054
=CAT  \\$a8055$b40$c20231017$lBLL01$h1616
=CFI  0\$aCurrent copyright fee: zero$c35\0$e24-nov-2022$fGBP0.00$g0$hP$5Uk
=FFP  \\$aY$bBLDSS-3PM
=MNI  \\$a2835-558X
=UNO  \\$aY
=LAS  \\$a8055$b40$c20231017$lBLL01$h1616

